Data,Descrição,Entrada de Dinheiro (R$),Entrada de bônus (R$),Saída de Dinheiro (R$),Saída de bônus (R$),Saldos em Dinheiro (R$)
20-abr-26 18:13:56,"Moreirense x Estoril Praia / Mais/Menos de 1,5 Gols Ref: 17767196361440",441.23,--,--,--,"26,057.90"
20-abr-26 16:30:03,"Farul Constanta x FCSB / Mais/Menos de 5,5 Gols Ref: 17767134031439",433.32,--,--,--,"25,616.67"
20-abr-26 15:47:30,"Lechia Gdansk x Piast Gliwice / Mais/Menos de 1,5 Gols Ref: 17767108501438",--,--,-600.00,--,"25,183.35"
20-abr-26 15:39:48,"Midtjylland x AGF / Mais/Menos de 1,5 Gols Ref: 17767103881437",--,--,-600.00,--,"25,783.35"
19-abr-26 22:07:59,"Santos Laguna x Atlas / Mais/Menos de 1,5 Gols Ref: 17766472791436",144.67,--,--,--,"26,383.35"
19-abr-26 20:16:28,"Flamengo x Bahia / 1,5 gols no primeiro tempo Ref: 17766405881435",387.43,--,--,--,"26,238.68"
19-abr-26 19:19:15,"Palmeiras x Athletico-PR / 1,5 gols no primeiro tempo Ref: 17766371551434",392.21,--,--,--,"25,851.25"
19-abr-26 19:02:26,"River Plate x Boca Juniors / Mais/Menos de 1,5 Gols Ref: 17766361451433",599.62,--,--,--,"25,459.04"
19-abr-26 18:32:31,"Braga x Famalicão / Mais/Menos de 3,5 Gols Ref: 17766343511432",--,--,-600.00,--,"24,859.42"
19-abr-26 18:23:33,"Ind. Del Valle (Ecu) x LDU / 1,5 gols no primeiro tempo Ref: 17766338121431",468.52,--,--,--,"25,459.42"
19-abr-26 17:58:11,"Santos x Fluminense / Mais/Menos de 4,5 Gols Ref: 17766322911430",--,--,-600.00,--,"24,990.90"
19-abr-26 17:43:49,"Almería x Málaga / Mais/Menos de 3,5 Gols Ref: 17766314291429",--,--,-600.00,--,"25,590.90"
19-abr-26 14:26:54,"Manchester City x Arsenal / Mais/Menos de 3,5 Gols Ref: 17766196141428",446.89,--,--,--,"26,190.90"
19-abr-26 13:32:14,"Arouca x Club Football Estrela / Mais/Menos de 1,5 Gols Ref: 17766163341427",463.86,--,--,--,"25,744.01"
18-abr-26 19:21:57,"Vasco da Gama x São Paulo / 1,5 gols no primeiro tempo Ref: 17765509161426",344.59,--,--,--,"25,280.15"
18-abr-26 19:11:58,"Instituto x Estudiantes / Mais/Menos de 1,5 Gols Ref: 17765503181425",409.71,--,--,--,"24,935.56"
18-abr-26 17:56:04,"Chelsea x Manchester United / Mais/Menos de 1,5 Gols Ref: 17765457661424",537.40,--,--,--,"24,525.85"
18-abr-26 11:58:16,"Modena x Frosinone / Mais/Menos de 3,5 Gols Ref: 17765242961423",633.56,--,--,--,"23,988.45"
18-abr-26 11:54:03,"Dukla Praga x MFK Karvina / Mais/Menos de 3,5 Gols Ref: 17765240431422",362.18,--,--,--,"23,354.89"
18-abr-26 10:39:03,"Csikszereda x Unirea Slobozia / Mais/Menos de 5,5 Gols Ref: 17765195421421",459.00,--,--,--,"22,992.71"
18-abr-26 10:37:55,"Csikszereda x Unirea Slobozia / Mais/Menos de 5,5 Gols Ref: 17765194751420",572.76,--,--,--,"22,533.71"
18-abr-26 10:22:52,"Csikszereda x Unirea Slobozia / Mais/Menos de 5,5 Gols Ref: 17765185721419",--,--,-572.76,--,"21,960.95"
18-abr-26 09:43:09,"Arminia Bielefeld x Nuremberg / Mais/Menos de 1,5 Gols Ref: 17765161891418",--,--,-600.00,--,"22,533.71"
17-abr-26 23:55:42,"Atletico San Luis x Pumas UNAM / Mais/Menos de 1,5 Gols Ref: 17764809421417",--,--,-600.00,--,"23,133.71"
17-abr-26 16:10:52,"Djurgardens x Malmo / Mais/Menos de 1,5 Gols Ref: 17764530521416",429.92,--,--,--,"23,733.71"
17-abr-26 11:02:39,"Wuhan Three Towns x Chengdu Rongcheng / Mais/Menos de 1,5 Gols Ref: 17764345581415",357.89,--,--,--,"23,303.79"
17-abr-26 10:27:24,"Chennaiyin FC x Hyderabad FC / Mais/Menos de 1,5 Gols Ref: 17764324431414",30.99,--,--,--,"22,945.90"
16-abr-26 20:54:36,"Lanus x Always Ready / Mais/Menos de 1,5 Gols Ref: 17763836771413",348.42,--,--,--,"22,914.91"
16-abr-26 17:59:44,"Nottingham Forest x Porto / Mais/Menos de 1,5 Gols Ref: 17763731851412",603.39,--,--,-100.00,"22,566.49"
16-abr-26 17:57:18,"AEK Athens x Rayo Vallecano / Mais/Menos de 4,5 Gols Ref: 17763730381411",520.73,--,--,--,"21,963.10"
16-abr-26 12:04:16,Exchange Bonus Awarded: BREXCSELECT Ref: 17763518561409,,100.00,--,--,"21,442.37"
15-abr-26 17:53:21,"Arsenal x Sporting / Mais/Menos de 0,5 Gols Ref: 17762864011408",452.54,--,--,--,"21,442.37"
15-abr-26 16:47:00,"Arsenal x Sporting / 0,5 gols no primeiro tempo Ref: 17762824201407",387.42,--,--,--,"20,989.83"
15-abr-26 13:52:00,"AC Oulu x Jaro / Mais/Menos de 3,5 Gols Ref: 17762719201406",601.96,--,--,--,"20,602.41"
15-abr-26 12:46:35,"Kerala Blasters FC x Northeast United / Mais/Menos de 1,5 Gols Ref: 17762679951405",--,--,-680.00,--,"20,000.45"
15-abr-26 12:11:15,Withdrawal Ref: 17762658751404,--,--,"-8,000.00",--,"20,680.45"
15-abr-26 11:02:59,"Bangkok Utd x G-Osaka / Mais/Menos de 2,5 Gols Ref: 17762617791403",--,--,-600.00,--,"28,680.45"
14-abr-26 19:52:00,"São Paulo x OHiggins / 1,5 gols no primeiro tempo Ref: 17762071201402",441.23,--,--,--,"29,280.45"
14-abr-26 18:02:03,"Atlético de Madrid x Barcelona / Mais/Menos de 3,5 Gols Ref: 17762005231401","1,357.63",--,--,--,"28,839.22"
14-abr-26 17:02:59,"Al-Quadisiya (KSA) x Al-Shabab (KSA) / Mais/Menos de 4,5 Gols Ref: 17761969781400",462.10,--,--,--,"27,481.59"
14-abr-26 16:58:42,"Kahraba Ismailia x Ismaily / Mais/Menos de 1,5 Gols Ref: 17761967221399",--,--,-600.00,--,"27,019.49"
14-abr-26 15:56:50,"Catanzaro x Modena / Mais/Menos de 3,5 Gols Ref: 17761930091398",--,--,-606.25,--,"27,619.49"
13-abr-26 16:34:13,"Rodez x Troyes / 1,5 gols no primeiro tempo Ref: 17761088531397",424.26,--,--,--,"28,225.74"
13-abr-26 11:34:43,"FC Metaloglobus Bucuresti x Csikszereda / Mais/Menos de 1,5 Gols Ref: 17760908831396",345.06,--,--,--,"27,801.48"
12-abr-26 22:57:01,"Univ de Concepcion x Cobresal / Mais/Menos de 1,5 Gols Ref: 17760454211395",411.54,--,--,--,"27,456.42"
12-abr-26 20:00:26,"Fluminense x Flamengo / Mais/Menos de 3,5 Gols Ref: 17760348281394",373.35,--,--,--,"27,044.88"
12-abr-26 16:51:50,"Botafogo x Coritiba / 1,5 gols no primeiro tempo Ref: 17760235101393",4.32,--,--,--,"26,671.53"
12-abr-26 16:29:34,"Mainz x Freiburg / Mais/Menos de 1,5 Gols Ref: 17760221751392",390.32,--,--,--,"26,667.21"
12-abr-26 15:25:16,"Cádiz x Andorra / Mais/Menos de 1,5 Gols Ref: 17760183161391",379.45,--,--,--,"26,276.89"
12-abr-26 14:27:27,"Chelsea x Manchester City / Mais/Menos de 3,5 Gols Ref: 17760148461390",531.74,--,--,--,"25,897.44"
12-abr-26 14:20:46,"Anderlecht x Gent / 1,5 gols no primeiro tempo Ref: 17760144461389",520.43,--,--,--,"25,365.70"
12-abr-26 14:19:45,"Hajduk Split x HNK Gorica / 1,5 gols no primeiro tempo Ref: 17760143851388",520.43,--,--,--,"24,845.27"
12-abr-26 13:56:47,"Chelsea x Manchester City / Mais/Menos de 2,5 Gols Ref: 17760130071387",--,--,-600.00,--,"24,324.84"
12-abr-26 13:39:01,"Fredrikstad x Valerenga / Mais/Menos de 1,5 Gols Ref: 17760119411386",--,--,-600.00,--,"24,924.84"
12-abr-26 13:38:59,"Willem II x Almere City / Mais/Menos de 3,5 Gols Ref: 17760119391385",724.07,--,--,--,"25,524.84"
12-abr-26 13:17:45,"Alverca x Casa Pia / Mais/Menos de 3,5 Gols Ref: 17760106651384",--,--,-600.00,--,"24,800.77"
12-abr-26 13:03:47,"Huesca x Deportivo / Mais/Menos de 1,5 Gols Ref: 17760098261383",--,--,-600.00,--,"25,400.77"
12-abr-26 12:42:47,"Athletico-PR x Chapecoense / Mais/Menos de 1,5 Gols Ref: 17760085671382",--,--,-569.00,--,"26,000.77"
12-abr-26 12:03:30,"Sunderland x Tottenham / Mais/Menos de 1,5 Gols Ref: 17760062101381",565.68,--,--,--,"26,569.77"
12-abr-26 11:29:58,"NEC Nijmegen x Feyenoord / Mais/Menos de 1,5 Gols Ref: 17760041981380",--,--,-190.00,--,"26,004.09"
12-abr-26 10:30:00,"Yellow-Red Mechelen x Union St. Gilloise / Mais/Menos de 1,5 Gols Ref: 17760006001379",405.40,--,--,--,"26,194.09"
11-abr-26 22:29:29,"Ceará x Náutico / Mais/Menos de 1,5 Gols Ref: 17759573691378",461.07,--,--,--,"25,788.69"
11-abr-26 20:07:04,"Ponte Preta x Vila Nova / Mais/Menos de 1,5 Gols Ref: 17759488241377",345.06,--,--,--,"25,327.62"
11-abr-26 19:23:31,"Mirassol x Bahia / 1,5 gols no primeiro tempo Ref: 17759462111376",463.86,--,--,--,"24,982.56"
11-abr-26 18:44:55,"Remo x Vasco da Gama / Mais/Menos de 1,5 Gols Ref: 17759438951375",--,--,-600.00,--,"24,518.70"
11-abr-26 17:56:51,"Córdoba x Zaragoza / Mais/Menos de 1,5 Gols Ref: 17759410101374",316.83,--,--,--,"25,118.70"
11-abr-26 17:40:58,"Atalanta x Juventus / Mais/Menos de 1,5 Gols Ref: 17759400581373",551.42,--,--,--,"24,801.87"
11-abr-26 16:53:14,"Deportivo Riestra x Instituto / Mais/Menos de 1,5 Gols Ref: 17759371941372",395.98,--,--,--,"24,250.45"
11-abr-26 16:35:13,"Sint-Truidense x Brugge / 1,5 gols no primeiro tempo Ref: 17759361131371",603.34,--,--,--,"23,854.47"
11-abr-26 16:34:43,"CF Montreal x Philadelphia / 1,5 gols no primeiro tempo Ref: 17759360831370",363.15,--,--,--,"23,251.13"
11-abr-26 16:09:18,"Monza x Bari / Mais/Menos de 1,5 Gols Ref: 17759345581369",--,--,-600.00,--,"22,887.98"
11-abr-26 15:23:11,"Barcelona x Espanyol / Mais/Menos de 3,5 Gols Ref: 17759317911368",--,--,-600.00,--,"23,487.98"
11-abr-26 15:23:03,"Liverpool x Fulham / Mais/Menos de 2,5 Gols Ref: 17759317831367",871.15,--,--,--,"24,087.98"
11-abr-26 15:00:46,"Winterthur x Grasshoppers Zurich / Mais/Menos de 1,5 Gols Ref: 17759304461366",--,--,-626.33,--,"23,216.83"
11-abr-26 14:56:28,"FC Zurich x Lugano / Mais/Menos de 1,5 Gols Ref: 17759301881365",379.01,--,--,--,"23,843.16"
11-abr-26 14:52:38,"Slovacko x Hradec Kralove / Mais/Menos de 3,5 Gols Ref: 17759299571364",--,--,-600.00,--,"23,464.15"
11-abr-26 14:52:20,"Kayserispor x Fenerbahce / 0,5 gols no primeiro tempo Ref: 17759299391363",543.05,--,--,--,"24,064.15"
11-abr-26 14:15:24,"Calcio Avellino x Catanzaro / Mais/Menos de 1,5 Gols Ref: 17759277241362",--,--,-600.00,--,"23,521.10"
11-abr-26 14:03:40,"Standard x Westerlo / 1,5 gols no primeiro tempo Ref: 17759270201361",345.06,--,--,--,"24,121.10"
11-abr-26 13:21:32,"VVV-Venlo x De Graafschap / Mais/Menos de 3,5 Gols Ref: 17759244921360",--,--,-600.00,--,"23,776.04"
11-abr-26 12:50:41,"Burnley x Brighton / Mais/Menos de 1,5 Gols Ref: 17759226411359",--,--,-600.00,--,"24,376.04"
11-abr-26 11:59:00,"Torino x Verona / Mais/Menos de 3,5 Gols Ref: 17759195411358",412.95,--,--,--,"24,976.04"
11-abr-26 11:48:37,"Sheffield Utd x Hull / 1,5 gols no primeiro tempo Ref: 17759189171357",560.02,--,--,--,"24,563.09"
11-abr-26 11:02:02,"Real Sociedad x Alavés / Mais/Menos de 5,5 Gols Ref: 17759161211356",--,--,-600.00,--,"24,003.07"
10-abr-26 21:49:55,"OHiggins x Huachipato / 1,5 gols no primeiro tempo Ref: 17758685951355",457.57,--,--,--,"24,603.07"
10-abr-26 10:33:31,"Dalian Yingbo x Zhejiang Greentown / Mais/Menos de 3,5 Gols Ref: 17758280101354",382.49,--,--,--,"24,145.50"
10-abr-26 09:56:51,"Cusco x Flamengo / Mais/Menos de 1,5 Gols Ref: 17758258101353",--,--,-600.00,--,"23,763.01"
10-abr-26 09:55:31,"Cusco x Flamengo / Mais/Menos de 1,5 Gols Ref: 17758257311352",600.00,--,--,--,"24,363.01"
10-abr-26 08:26:31,"Central Coast Mariners x Brisbane Roar / Mais/Menos de 3,5 Gols Ref: 17758203911351",--,--,-600.00,--,"23,763.01"
09-abr-26 22:18:48,"Carabobo x Red Bull Bragantino / 1,5 gols no primeiro tempo Ref: 17757839271350",356.85,--,--,--,"24,363.01"
09-abr-26 16:45:55,"Bologna x Aston Villa / Mais/Menos de 0,5 Gols Ref: 17757639551349",,--,--,-50.00,"24,006.16"
09-abr-26 15:59:54,"Estrela Vermelha x FK Spartak / Mais/Menos de 5,5 Gols Ref: 17757611941348",756.97,--,--,--,"24,006.16"
09-abr-26 15:34:36,"Al-Ettifaq x Al Riyadh SC / 1,5 gols no primeiro tempo Ref: 17757596751347",--,--,-600.00,--,"23,249.19"
09-abr-26 13:58:07,"FK Novi Pazar x Partizan Belgrade / Mais/Menos de 5,5 Gols Ref: 17757538881345",468.90,--,--,--,"23,849.19"
09-abr-26 13:35:40,"Dhamk x Al-Quadisiya (KSA) / 0,5 gols no primeiro tempo Ref: 17757525401344",515.82,--,--,--,"23,380.29"
09-abr-26 12:52:30,"Boluspor x Sivasspor / Mais/Menos de 3,5 Gols Ref: 17757499501343",472.47,--,--,--,"22,864.47"
09-abr-26 12:49:29,"FK Novi Pazar x Partizan Belgrade / 1,5 gols no primeiro tempo Ref: 17757497681342",--,--,-600.00,--,"22,392.00"
09-abr-26 12:48:23,"Jamshedpur FC x Mumbai City FC / Mais/Menos de 1,5 Gols Ref: 17757497021341",--,--,-600.00,--,"22,992.00"
09-abr-26 12:04:40,Exchange Bonus Awarded: BREXCSELECT Ref: 17757470801340,,50.00,--,--,"23,592.00"
08-abr-26 23:22:50,"Cusco x Flamengo / Mais/Menos de 1,5 Gols Ref: 17757013701339",--,--,-600.00,--,"23,592.00"
08-abr-26 22:22:24,"Junior Barranquilla x Palmeiras / 1,5 gols no primeiro tempo Ref: 17756977441338",531.01,--,--,--,"24,192.00"
08-abr-26 21:35:50,"Audax Italiano x Olimpia / 1,5 gols no primeiro tempo Ref: 17756949491337",--,--,-600.00,--,"23,660.99"
08-abr-26 20:57:17,"Coquimbo Unido x Nacional (Uru) / Mais/Menos de 1,5 Gols Ref: 17756926371336",--,--,-600.00,--,"24,260.99"
08-abr-26 19:50:26,"Coquimbo Unido x Nacional (Uru) / 1,5 gols no primeiro tempo Ref: 17756886261335",418.03,--,--,--,"24,860.99"
08-abr-26 12:56:06,"76 Igdir Belediyespor x Keciorengucu / Mais/Menos de 1,5 Gols Ref: 17756637661334",457.57,--,--,--,"24,442.96"
07-abr-26 22:58:08,"Barcelona (ECU) x Cruzeiro / Mais/Menos de 1,5 Gols Ref: 17756134871333",371.83,--,--,--,"23,985.39"
07-abr-26 19:49:02,"Independiente Rivadavia x Bolivar / 1,5 gols no primeiro tempo Ref: 17756021421332",562.92,--,--,--,"23,613.56"
07-abr-26 17:54:31,"Real Madrid x Bayern de Munique / Mais/Menos de 3,5 Gols Ref: 17755952721331",491.46,--,--,--,"23,050.64"
06-abr-26 20:55:34,"Argentinos Juniors x Banfield / Mais/Menos de 5,5 Gols Ref: 17755197341330",327.64,--,--,--,"22,559.18"
06-abr-26 17:29:58,"Sporting de Gijón x Sociedad B / Mais/Menos de 1,5 Gols Ref: 17755073981329",496.10,--,--,--,"22,231.54"
06-abr-26 16:55:58,"Jong PSV Eindhoven x VVV-Venlo / Mais/Menos de 1,5 Gols Ref: 17755053581328",331.05,--,--,--,"21,735.44"
06-abr-26 16:01:30,"Castellón x Granada / Mais/Menos de 5,5 Gols Ref: 17755020901327",587.50,--,--,--,"21,404.39"
06-abr-26 15:28:49,"Gent x Yellow-Red Mechelen / Mais/Menos de 1,5 Gols Ref: 17755001291326",--,--,-600.00,--,"20,816.89"
06-abr-26 12:59:31,"Ipswich x Birmingham / Mais/Menos de 3,5 Gols Ref: 17754911711325",429.32,--,--,--,"21,416.89"
06-abr-26 12:32:41,"Roda JC x Willem II / 1,5 gols no primeiro tempo Ref: 17754895601324",429.79,--,--,--,"20,987.57"
06-abr-26 11:29:07,"Valerenga x Viking / Mais/Menos de 1,5 Gols Ref: 17754857461323",609.86,--,--,--,"20,557.78"
06-abr-26 10:55:21,"Millwall x Norwich / Mais/Menos de 3,5 Gols Ref: 17754837211322",457.57,--,--,--,"19,947.92"
06-abr-26 10:47:20,"Hacken x Brommapojkarna / Mais/Menos de 3,5 Gols Ref: 17754832471321",--,--,-600.00,--,"19,490.35"
05-abr-26 21:59:43,"Mirassol x Red Bull Bragantino / Mais/Menos de 1,5 Gols Ref: 17754371831320",531.26,--,--,--,"20,090.35"
05-abr-26 21:22:53,"Botafogo-SP x São Bernardo / 1,5 gols no primeiro tempo Ref: 17754349721319",434.97,--,--,--,"19,559.09"
05-abr-26 21:15:12,"Pacific x Cavalry / Mais/Menos de 3,5 Gols Ref: 17754345121318",423.91,--,--,--,"19,124.12"
05-abr-26 21:10:36,"Central Cordoba (SdE) x Newells / 1,5 gols no primeiro tempo Ref: 17754342361317",--,--,-600.00,--,"18,700.21"
05-abr-26 21:01:20,"Volta Redonda x Paysandu / Mais/Menos de 1,5 Gols Ref: 17754336791316",296.62,--,--,--,"19,300.21"
05-abr-26 20:53:35,"Universidad De Chile x La Serena / Mais/Menos de 3,5 Gols Ref: 17754332141315",--,--,-600.00,--,"19,003.59"
05-abr-26 20:14:37,"Bahia x Palmeiras / 0,5 gols no primeiro tempo Ref: 17754308761314",--,--,-600.00,--,"19,603.59"
05-abr-26 19:56:48,"Novorizontino x CRB / Mais/Menos de 1,5 Gols Ref: 17754298081313",--,--,-600.00,--,"20,203.59"
05-abr-26 19:25:48,"Estudiantes de Merida x Portuguesa / Mais/Menos de 1,5 Gols Ref: 17754279471312",--,--,-600.00,--,"20,803.59"
05-abr-26 19:22:12,"Flamengo x Santos / Mais/Menos de 3,5 Gols Ref: 17754277321311",--,--,-600.00,--,"21,403.59"
05-abr-26 19:11:23,"Atlético-MG x Athletico-PR / Mais/Menos de 1,5 Gols Ref: 17754270821310",--,--,-500.00,--,"22,003.59"
05-abr-26 18:30:46,"Deportes Concepcion x Colo Colo / Mais/Menos de 1,5 Gols Ref: 17754246471309",384.13,--,--,--,"22,503.59"
05-abr-26 17:58:13,"Zaragoza x Mirandes / Mais/Menos de 3,5 Gols Ref: 17754226931308",577.47,--,--,--,"22,119.46"
05-abr-26 17:42:32,"Monaco x Olympique de Marselha / Mais/Menos de 3,5 Gols Ref: 17754217521307",321.99,--,--,--,"21,541.99"
05-abr-26 17:30:48,"Monaco x Olympique de Marselha / Mais/Menos de 2,5 Gols Ref: 17754210481306",--,--,-600.00,--,"21,220.00"
05-abr-26 17:05:13,"Olympiakos x AEK Athens / Mais/Menos de 1,5 Gols Ref: 17754195131305",409.91,--,--,--,"21,820.00"
05-abr-26 16:48:17,"Alavés x Osasuna / 1,5 gols no primeiro tempo Ref: 17754184961304",--,--,-600.00,--,"21,410.09"
05-abr-26 16:28:08,"Inter de Milão x Roma / 1,5 gols no primeiro tempo Ref: 17754172871303",--,--,-580.00,--,"22,010.09"
05-abr-26 15:28:33,"Las Palmas x Huesca / Mais/Menos de 3,5 Gols Ref: 17754137121302",376.34,--,--,--,"22,590.09"
05-abr-26 15:21:20,"Palermo x Calcio Avellino / 1,5 gols no primeiro tempo Ref: 17754132801301",378.48,--,--,--,"22,213.75"
05-abr-26 14:18:00,"Al Ain x Ajman Club / 1,5 gols no primeiro tempo Ref: 17754094791300",384.13,--,--,--,"21,835.27"
05-abr-26 13:30:31,"Farul Constanta x Unirea Slobozia / Mais/Menos de 1,5 Gols Ref: 17754066301299",788.45,--,--,--,"21,451.14"
05-abr-26 13:20:57,"West Ham x Leeds / 1,5 gols no primeiro tempo Ref: 17754060571298",395.43,--,--,--,"20,662.69"
05-abr-26 13:17:05,"Dundee x Celtic / 1,5 gols no primeiro tempo Ref: 17754058241297",432.76,--,--,--,"20,267.26"
05-abr-26 13:01:24,"Valencia x Celta de Vigo / Mais/Menos de 3,5 Gols Ref: 17754048831296",--,--,-600.00,--,"19,834.50"
05-abr-26 12:48:27,"Rapid Vienna x Sturm Graz / 1,5 gols no primeiro tempo Ref: 17754041071295",289.35,--,--,--,"20,434.50"
05-abr-26 11:50:23,"Cremonese x Bologna / Mais/Menos de 2,5 Gols Ref: 17754006221294",--,--,-600.00,--,"20,145.15"
05-abr-26 11:27:09,"Hartberg x Red Bull Salzburg / Mais/Menos de 3,5 Gols Ref: 17753992291293",502.76,--,--,--,"20,745.15"
05-abr-26 11:04:37,"Banik Ostrava x Slavia Praga / 1,5 gols no primeiro tempo Ref: 17753978771292",--,--,-600.00,--,"20,242.39"
05-abr-26 10:54:02,"Kalmar FF x Vasteras SK / Mais/Menos de 1,5 Gols Ref: 17753972421291",435.42,--,--,--,"20,842.39"
05-abr-26 10:50:28,"Getafe x Athletic de Bilbao / Mais/Menos de 1,5 Gols Ref: 17753970281290",--,--,-600.00,--,"20,406.97"
05-abr-26 10:15:41,Deposit Ref: 17753949401289,"2,750.00",--,--,--,"21,006.97"
05-abr-26 10:15:35,"Greuther Furth x Paderborn / Mais/Menos de 1,5 Gols Ref: 17753949351288",--,--,-600.00,--,"18,256.97"
05-abr-26 09:17:18,"Hannover x Elversberg / 1,5 gols no primeiro tempo Ref: 17753914381287",553.66,--,--,--,"18,856.97"
05-abr-26 08:39:02,"Shenzhen Peng City x Wuhan Three Towns / 1,5 gols no primeiro tempo Ref: 17753891421286",--,--,-600.00,--,"18,303.31"
04-abr-26 22:59:26,"Rosario Central x Atl Tucuman / Mais/Menos de 3,5 Gols Ref: 17753543661285",338.94,--,--,--,"18,903.31"
04-abr-26 22:58:46,"Leon x Atlas / 1,5 gols no primeiro tempo Ref: 17753543261284",367.18,--,--,--,"18,564.37"
04-abr-26 22:18:24,"Charlotte FC x Philadelphia / Mais/Menos de 1,5 Gols Ref: 17753519041283",--,--,-600.00,--,"18,197.19"
04-abr-26 19:19:19,"Zamora FC x Monagas / 1,5 gols no primeiro tempo Ref: 17753411591282",352.54,--,--,--,"18,797.19"
04-abr-26 18:31:32,"New England x CF Montreal / 1,5 gols no primeiro tempo Ref: 17753382921281",404.81,--,--,--,"18,444.65"
04-abr-26 18:00:52,"Fortaleza x Juventude / Mais/Menos de 3,5 Gols Ref: 17753364521280",469.24,--,--,--,"18,039.84"
04-abr-26 17:32:39,"Dynamo Dresden x Hertha Berlin / Mais/Menos de 0,5 Gols Ref: 17753347591279",--,--,-600.00,--,"17,570.60"
04-abr-26 17:18:52,"FC Basel x Young Boys / Mais/Menos de 5,5 Gols Ref: 17753339321278",--,--,-600.00,--,"18,170.60"
04-abr-26 17:07:50,"Porto x Famalicão / 0,5 gols no primeiro tempo Ref: 17753332701277",--,--,-600.00,--,"18,770.60"
04-abr-26 16:56:35,"Club Brugge B x Eupen / Mais/Menos de 1,5 Gols Ref: 17753325951276",366.22,--,--,--,"19,370.60"
04-abr-26 16:33:45,"Ajax x Twente / 1,5 gols no primeiro tempo Ref: 17753312241275",--,--,-570.00,--,"19,004.38"
04-abr-26 16:01:27,"Brest x Rennes / Mais/Menos de 7,5 Gols Ref: 17753292861274",564.75,--,--,--,"19,574.38"
04-abr-26 15:59:38,"Trabzonspor x Galatasaray / Mais/Menos de 3,5 Gols Ref: 17753291771273",493.84,--,--,--,"19,009.63"
04-abr-26 15:53:36,"Deportivo Garcilaso x Sport Boys (Per) / 1,5 gols no primeiro tempo Ref: 17753288151272",--,--,-600.00,--,"18,515.79"
04-abr-26 15:44:48,"Al-Hilal x Al-Taawoun Buraidah / 0,5 gols no primeiro tempo Ref: 17753282881271",406.17,--,--,--,"19,115.79"
04-abr-26 15:43:30,"SC Telstar x FC Groningen / Mais/Menos de 1,5 Gols Ref: 17753282091270",--,--,-600.00,--,"18,709.62"
04-abr-26 15:08:33,"Deportivo x Málaga / Mais/Menos de 1,5 Gols Ref: 17753261131269",--,--,-600.00,--,"19,309.62"
04-abr-26 14:52:38,"Lausanne x Winterthur / Mais/Menos de 3,5 Gols Ref: 17753251581268",678.88,--,--,--,"19,909.62"
04-abr-26 13:30:09,"CD Nacional Funchal x Club Football Estrela / Mais/Menos de 2,5 Gols Ref: 17753202081267",477.53,--,--,--,"19,230.74"
04-abr-26 13:16:51,"Gornik Zabrze x Cracovia Kraków / 1,5 gols no primeiro tempo Ref: 17753194111266",378.18,--,--,--,"18,753.21"
04-abr-26 13:14:37,"Albacete x Burgos / Mais/Menos de 5,5 Gols Ref: 17753192771265",349.75,--,--,--,"18,375.03"
04-abr-26 13:10:11,"PSV x FC Utrecht / Mais/Menos de 5,5 Gols Ref: 17753190101264",--,--,-600.00,--,"18,025.28"
04-abr-26 13:04:21,"Mallorca x Real Madrid / Mais/Menos de 1,5 Gols Ref: 17753186611263",--,--,-600.00,--,"18,625.28"
04-abr-26 12:55:13,"Al Nasr (UAE) x Al Wahda (Abu Dhabi) / Mais/Menos de 3,5 Gols Ref: 17753181131262",--,--,-600.00,--,"19,225.28"
04-abr-26 12:20:55,"CD Nacional Funchal x Club Football Estrela / 1,5 gols no primeiro tempo Ref: 17753160551261",586.68,--,--,--,"19,825.28"
04-abr-26 11:51:50,"Slovan Liberec x Slovacko / Mais/Menos de 3,5 Gols Ref: 17753143101260",541.56,--,--,--,"19,238.60"
04-abr-26 11:48:42,"Dukla Praga x Pardubice / Mais/Menos de 1,5 Gols Ref: 17753141211259",--,--,-600.00,--,"18,697.04"
04-abr-26 11:20:09,"Hamburgo x Augsburg / 1,5 gols no primeiro tempo Ref: 17753124091258",558.64,--,--,--,"19,297.04"
04-abr-26 11:18:26,"Freiburg x Bayern de Munique / 0,5 gols no primeiro tempo Ref: 17753123051257",--,--,-600.00,--,"18,738.40"
04-abr-26 11:17:22,"Werder Bremen x RB Leipzig / 1,5 gols no primeiro tempo Ref: 17753122421256",812.65,--,--,--,"19,338.40"
04-abr-26 10:51:27,"Ratchaburi x Buriram Utd / Mais/Menos de 3,5 Gols Ref: 17753106871255",--,--,-600.00,--,"18,525.75"
04-abr-26 10:48:33,"Erzurum BB x 76 Igdir Belediyespor / 1,5 gols no primeiro tempo Ref: 17753105131254",--,--,-600.00,--,"19,125.75"
04-abr-26 10:48:12,"Real Sociedad x Levante / Mais/Menos de 1,5 Gols Ref: 17753104921253",--,--,-600.00,--,"19,725.75"
04-abr-26 10:27:15,"Jamshedpur FC x Mohun Bagan Super Giants / Mais/Menos de 1,5 Gols Ref: 17753092351252",--,--,-600.00,--,"20,325.75"
03-abr-26 22:14:43,"Cienciano x ADT Tarma / Mais/Menos de 5,5 Gols Ref: 17752652821251",488.97,--,--,--,"20,925.75"
03-abr-26 21:52:46,"LDU x Barcelona (ECU) / 1,5 gols no primeiro tempo Ref: 17752639661250",477.91,--,--,--,"20,436.78"
03-abr-26 19:31:29,"Coquimbo Unido x Cobresal / Mais/Menos de 5,5 Gols Ref: 17752554901249","1,158.87",--,--,--,"19,958.87"
03-abr-26 19:06:39,"Academia Anzoategui FC x Universidad de Venezuela / 1,5 gols no primeiro tempo Ref: 17752539991248",--,--,-600.00,--,"18,800.00"
03-abr-26 18:32:47,"Sporting x Santa Clara / Mais/Menos de 6,5 Gols Ref: 17752519671247",,--,--,-50.00,"19,400.00"
03-abr-26 18:24:43,Deposit Ref: 17752514831246,"10,000.00",--,--,--,"19,400.00"
03-abr-26 18:22:53,"Sporting x Santa Clara / Mais/Menos de 4,5 Gols Ref: 17752513721245",--,--,-600.00,--,"9,400.00"
03-abr-26 17:56:26,Deposit Ref: 17752497861243,"10,000.00",--,--,--,"10,000.00"
02-abr-26 12:05:28,Exchange Bonus Awarded: BREXCSELECT Ref: 17751423271242,,50.00,--,--,0.00
29-mar-26 11:32:36,Withdrawal Ref: 17747947551240,--,--,"-10,000.00",--,0.00
28-mar-26 18:28:56,Withdrawal Ref: 17747333361239,--,--,"-10,000.00",--,"10,000.00"
28-mar-26 18:27:55,Withdrawal Ref: 17747332751238,--,--,"-5,753.53",--,"20,000.00"
28-mar-26 11:56:34,"Ceuta x Cádiz / Mais/Menos de 3,5 Gols Ref: 17747097931237",287.16,--,--,--,"25,753.53"
26-mar-26 19:07:42,"Brasil x França / Mais/Menos de 3,5 Gols Ref: 17745628621236",447.21,--,--,--,"25,466.37"
26-mar-26 18:46:07,"Polônia x Albânia / Mais/Menos de 3,5 Gols Ref: 17745615671235",277.74,--,--,--,"25,019.16"
26-mar-26 18:31:23,"País de Gales x Bósnia / Mais/Menos de 1,5 Gols Ref: 17745606821234",--,--,-500.00,--,"24,741.42"
26-mar-26 17:53:36,"Brasil x França / 2,5 gols no primeiro tempo Ref: 17745584161233",,--,--,-50.00,"25,241.42"
26-mar-26 17:34:54,"Ucrânia x Suécia / 1,5 gols no primeiro tempo Ref: 17745572941232",273.95,--,--,--,"25,241.42"
26-mar-26 15:52:27,"Turquia x Romênia / Mais/Menos de 1,5 Gols Ref: 17745511491230",423.67,--,--,--,"24,967.47"
26-mar-26 13:05:23,Exchange Bonus Awarded: BREXCSELECT Ref: 17745411221229,,50.00,--,--,"24,543.80"
23-mar-26 21:51:59,"Aucas x Orense / 1,5 gols no primeiro tempo Ref: 17743135191228",--,--,-500.00,--,"24,543.80"
23-mar-26 21:39:28,"Metropolitanos x Academia Anzoategui FC / Mais/Menos de 1,5 Gols Ref: 17743127671227",--,--,-500.00,--,"25,043.80"
22-mar-26 21:23:22,"Corinthians x Flamengo / 2,5 gols no primeiro tempo Ref: 17742254021226",217.35,--,--,-50.00,"25,543.80"
22-mar-26 20:37:14,"Vitória x Mirassol / Mais/Menos de 1,5 Gols Ref: 17742226351225",125.66,--,--,--,"25,326.45"
22-mar-26 17:33:26,"Fiorentina x Inter de Milão / 1,5 gols no primeiro tempo Ref: 17742116061223",263.51,--,--,--,"25,200.79"
22-mar-26 11:49:56,"Sudtirol x Frosinone / 1,5 gols no primeiro tempo Ref: 17741909961222",291.86,--,--,--,"24,937.28"
22-mar-26 09:47:43,"Newcastle x Sunderland / 1,5 gols no primeiro tempo Ref: 17741836621221",400.18,--,--,--,"24,645.42"
21-mar-26 21:54:09,"São Paulo x Palmeiras / 1,5 gols no primeiro tempo Ref: 17741408491220",291.86,--,--,--,"24,245.24"
21-mar-26 18:52:39,"Ceará x São Bernardo / 1,5 gols no primeiro tempo Ref: 17741299591219",282.76,--,--,--,"23,953.38"
21-mar-26 14:11:46,"Andorra x Eibar / Mais/Menos de 1,5 Gols Ref: 17741131051218",277.74,--,--,--,"23,670.62"
19-mar-26 19:01:12,"Shakhtar x Lech Poznan / Mais/Menos de 3,5 Gols Ref: 17739576721217",291.86,--,--,--,"23,392.88"
19-mar-26 18:58:56,"Rayo Vallecano x Samsunspor / Mais/Menos de 1,5 Gols Ref: 17739575371216",409.55,--,--,--,"23,101.02"
19-mar-26 15:57:44,"Besiktas x Kasimpasa / Mais/Menos de 3,5 Gols Ref: 17739466631215",404.86,--,--,--,"22,691.47"
19-mar-26 13:05:54,Exchange Bonus Awarded: BREXCSELECT Ref: 17739363531214,,50.00,--,--,"22,286.61"
18-mar-26 21:59:49,"Atlético-GO x Ponte Preta / Mais/Menos de 1,5 Gols Ref: 17738819891213",291.18,--,--,--,"22,286.61"
18-mar-26 18:59:38,Liverpool x Galatasaray / Se qualifica Ref: 17738711781212,--,--,-200.00,--,"21,995.43"
18-mar-26 18:44:06,"Southampton x Norwich / Mais/Menos de 1,5 Gols Ref: 17738702461211",395.43,--,--,--,"22,195.43"
18-mar-26 16:27:32,"Barcelona x Newcastle / Mais/Menos de 8,5 Gols Ref: 17738620521210",--,--,-54.92,--,"21,800.00"
17-mar-26 23:35:16,"Londrina x Operário-PR / Mais/Menos de 1,5 Gols Ref: 17738013161209",300.35,--,--,--,"21,854.92"
17-mar-26 14:43:29,"Fenerbahce x Gaziantep FK / 0,5 gols no primeiro tempo Ref: 17737694091208",367.18,--,--,--,"21,554.57"
16-mar-26 18:57:19,"Portsmouth x Derby / Mais/Menos de 1,5 Gols Ref: 17736982391207",382.05,--,--,--,"21,187.39"
16-mar-26 17:59:01,"Den Bosch x Jong PSV Eindhoven / Mais/Menos de 1,5 Gols Ref: 17736947411206",282.45,--,--,--,"20,805.34"
16-mar-26 15:46:56,"Pogon Szczecin x Korona Kielce / 1,5 gols no primeiro tempo Ref: 17736868161205",217.49,--,--,--,"20,522.89"
15-mar-26 22:36:18,Red Bull Bragantino x São Paulo / Resultado da partida Ref: 17736249771204,6.59,--,--,--,"20,305.40"
15-mar-26 20:33:10,"Palmeiras x Mirassol / Mais/Menos de 1,5 Gols Ref: 17736175901203",320.11,--,--,--,"20,298.81"
15-mar-26 20:33:05,Palmeiras x Mirassol / Resultado da partida Ref: 17736175841202,5.61,--,--,--,"19,978.70"
15-mar-26 18:02:25,Internacional x Bahia / Resultado da partida Ref: 17736085461201,9.41,--,--,--,"19,973.09"
15-mar-26 18:02:21,"Internacional x Bahia / Mais/Menos de 1,5 Gols Ref: 17736085411200",428.38,--,--,--,"19,963.68"
15-mar-26 17:32:01,"New England x Cincinnati / Mais/Menos de 5,5 Gols Ref: 17736067211199",--,--,-90.00,--,"19,535.30"
15-mar-26 14:49:13,"Como x Roma / 1,5 gols no primeiro tempo Ref: 17735969531198",315.47,--,--,--,"19,625.30"
15-mar-26 12:59:02,"Sassuolo x Bologna / Mais/Menos de 1,5 Gols Ref: 17735903411197",384.42,--,--,--,"19,309.83"
15-mar-26 12:02:09,"Kasimpasa x Eyupspor / Mais/Menos de 1,5 Gols Ref: 17735869291196",367.18,--,--,--,"18,925.41"
14-mar-26 19:26:24,"Trujillanos x Metropolitanos / Mais/Menos de 1,5 Gols Ref: 17735271841195",418.97,--,--,--,"18,558.23"
14-mar-26 18:56:26,West Ham x Manchester City / Resultado da partida Ref: 17735253901194,--,--,-10.00,--,"18,139.26"
14-mar-26 18:43:41,"Westerlo x Brugge / Mais/Menos de 3,5 Gols Ref: 17735246201193",432.70,--,--,--,"18,149.26"
14-mar-26 18:23:17,"Hertha Berlin x Bochum / Mais/Menos de 1,5 Gols Ref: 17735233971192",--,--,-500.00,--,"17,716.56"
14-mar-26 16:29:47,Chelsea x Newcastle / Resultado da partida Ref: 17735165871191,--,--,-10.00,--,"18,216.56"
14-mar-26 15:27:21,"Napoli x Lecce / Mais/Menos de 2,5 Gols Ref: 17735128401190",--,--,-10.00,--,"18,226.56"
14-mar-26 14:18:18,"Atlético de Madrid x Getafe / Mais/Menos de 2,5 Gols Ref: 17735086971189",5.93,--,--,--,"18,236.56"
14-mar-26 13:58:01,Sunderland x Brighton / Resultado da partida Ref: 17735074831188,--,--,-10.54,--,"18,230.63"
14-mar-26 13:31:36,Leverkusen x Bayern de Munique / Resultado da partida Ref: 17735058971187,--,--,-13.00,--,"18,241.17"
14-mar-26 12:56:46,Inter de Milão x Atalanta / Resultado da partida Ref: 17735038071186,--,--,-10.00,--,"18,254.17"
12-mar-26 22:22:24,"Grêmio x Red Bull Bragantino / 1,5 gols no primeiro tempo Ref: 17733649441185",305.99,--,--,--,"18,264.17"
12-mar-26 22:04:04,São Paulo x Chapecoense / Resultado da partida Ref: 17733638451184,,--,--,-49.72,"17,958.18"
12-mar-26 18:53:54,"Genk x Freiburg / Mais/Menos de 1,5 Gols Ref: 17733524331183",263.62,--,--,--,"17,958.18"
12-mar-26 15:36:10,"Rijeka x Strasbourg / 1,5 gols no primeiro tempo Ref: 17733405701182",293.75,--,--,--,"17,694.56"
12-mar-26 13:05:33,Exchange Bonus Awarded: BREXCSELECT Ref: 17733315321180,,50.00,--,--,"17,400.81"
11-mar-26 23:32:21,Flamengo x Cruzeiro / Resultado da partida Ref: 17732827411179,--,--,-43.20,--,"17,400.81"
11-mar-26 23:31:06,"Flamengo x Cruzeiro / Mais/Menos de 1,5 Gols Ref: 17732826661178",--,--,-500.00,--,"17,444.01"
11-mar-26 21:01:50,"Atlético-MG x Internacional / Mais/Menos de 1,5 Gols Ref: 17732737111177",428.38,--,--,--,"17,944.01"
11-mar-26 19:50:32,"Atlético-MG x Internacional / 1,5 gols no primeiro tempo Ref: 17732694321176",362.00,--,--,--,"17,515.63"
11-mar-26 18:40:28,"Birmingham x QPR / Mais/Menos de 1,5 Gols Ref: 17732652271175",414.26,--,--,--,"17,153.63"
10-mar-26 18:42:38,"Millwall x Derby / Mais/Menos de 1,5 Gols Ref: 17731789581174",343.10,--,--,--,"16,739.37"
10-mar-26 16:40:41,Galatasaray x Liverpool / Resultado da partida Ref: 17731716411173,470.75,--,--,--,"16,396.27"
09-mar-26 19:15:35,"Tondela x Rio Ave / Mais/Menos de 1,5 Gols Ref: 17730945351172",244.78,--,--,--,"15,925.52"
09-mar-26 18:50:01,"Llaneros FC x Jaguares de Cordoba / 1,5 gols no primeiro tempo Ref: 17730930001171",498.99,--,--,--,"15,680.74"
09-mar-26 18:44:29,"Llaneros FC x Jaguares de Cordoba / 1,5 gols no primeiro tempo Ref: 17730926691170",500.00,--,--,--,"15,181.75"
09-mar-26 18:35:18,"Llaneros FC x Jaguares de Cordoba / 1,5 gols no primeiro tempo Ref: 17730921181169",--,--,-500.00,--,"14,681.75"
09-mar-26 18:26:45,"National Bank x Pyramids / Mais/Menos de 1,5 Gols Ref: 17730916051168",345.10,--,--,--,"15,181.75"
09-mar-26 18:17:31,"West Ham x Brentford / Mais/Menos de 3,5 Gols Ref: 17730910521167",--,--,-500.00,--,"14,836.65"
09-mar-26 18:09:58,"Almería x Leonesa / Mais/Menos de 1,5 Gols Ref: 17730905971166",--,--,-500.00,--,"15,336.65"
08-mar-26 22:37:21,"Novorizontino x Palmeiras / Mais/Menos de 3,5 Gols Ref: 17730202411165",536.65,--,--,--,"15,836.65"
08-mar-26 22:03:45,"Toluca x FC Juarez / Mais/Menos de 3,5 Gols Ref: 17730182241164",--,--,-500.00,--,"15,300.00"
08-mar-26 20:44:48,"Novorizontino x Palmeiras / Mais/Menos de 0,5 Gols Ref: 17730134871163",--,--,-41.74,--,"15,800.00"
08-mar-26 20:18:16,"Cruzeiro x Atlético-MG / Mais/Menos de 1,5 Gols Ref: 17730118961162",341.48,--,--,--,"15,841.74"
08-mar-26 18:52:28,"Valencia x Alavés / Mais/Menos de 3,5 Gols Ref: 17730067481161",--,--,-500.00,--,"15,500.26"
08-mar-26 17:00:11,"Benfica x Porto / Mais/Menos de 3,5 Gols Ref: 17730000111160",--,--,-387.00,--,"16,000.26"
08-mar-26 16:22:29,"Leganés x Eibar / Mais/Menos de 1,5 Gols Ref: 17729977491159",296.85,--,--,--,"16,387.26"
08-mar-26 15:41:38,"Vukovar x Rijeka / Mais/Menos de 1,5 Gols Ref: 17729952981158",461.33,--,--,--,"16,090.41"
08-mar-26 15:20:49,"Sevilla x Rayo Vallecano / 1,5 gols no primeiro tempo Ref: 17729940491157",281.00,--,--,--,"15,629.08"
08-mar-26 15:14:02,"Carrarese x Palermo / Mais/Menos de 1,5 Gols Ref: 17729936421156",324.82,--,--,--,"15,348.08"
08-mar-26 15:09:36,"Lille x Lorient / Mais/Menos de 1,5 Gols Ref: 17729933761155",--,--,-600.00,--,"15,023.26"
08-mar-26 14:55:53,"Lask Linz x RZ Pellets WAC / Mais/Menos de 3,5 Gols Ref: 17729925521154",--,--,-500.00,--,"15,623.26"
07-mar-26 19:01:06,"Toulouse x Olympique de Marselha / Mais/Menos de 1,5 Gols Ref: 17729208661153","1,026.52",--,--,--,"16,123.26"
07-mar-26 18:56:22,"Athletic de Bilbao x Barcelona / Mais/Menos de 1,5 Gols Ref: 17729205821152",528.49,--,--,--,"15,096.74"
07-mar-26 18:42:58,"Union St. Gilloise x Genk / Mais/Menos de 3,5 Gols Ref: 17729197771151",348.35,--,--,--,"14,568.25"
07-mar-26 18:29:11,"Athletic de Bilbao x Barcelona / Mais/Menos de 0,5 Gols Ref: 17729189511150",,--,--,-50.00,"14,219.90"
07-mar-26 18:20:29,"Lugano x Luzern / Mais/Menos de 3,5 Gols Ref: 17729184291149",--,--,-500.00,--,"14,219.90"
07-mar-26 17:37:25,"Saint-Étienne x Red Star / Mais/Menos de 1,5 Gols Ref: 17729158451148",--,--,-500.00,--,"14,719.90"
07-mar-26 17:03:57,"Braga x Sporting / Mais/Menos de 3,5 Gols Ref: 17729138371147",--,--,-500.00,--,"15,219.90"
07-mar-26 16:33:33,"Atlético de Madrid x Real Sociedad / Mais/Menos de 5,5 Gols Ref: 17729120121146",338.94,--,--,--,"15,719.90"
07-mar-26 16:21:07,"Colônia x Borussia Dortmund / Mais/Menos de 2,5 Gols Ref: 17729112671145",367.18,--,--,--,"15,380.96"
07-mar-26 16:05:28,"Besiktas x Galatasaray / Mais/Menos de 1,5 Gols Ref: 17729103281144",781.44,--,--,--,"15,013.78"
07-mar-26 15:37:56,"Atalanta x Udinese / Mais/Menos de 3,5 Gols Ref: 17729086751143",--,--,-500.00,--,"14,232.34"
07-mar-26 15:33:06,"Servette x FC Zurich / Mais/Menos de 1,5 Gols Ref: 17729083851142",--,--,-500.00,--,"14,732.34"
07-mar-26 15:17:29,"Piast Gliwice x Zaglebie Lubin / Mais/Menos de 3,5 Gols Ref: 17729074481141",--,--,-500.00,--,"15,232.34"
07-mar-26 14:03:37,"Venezia x Reggiana / 1,5 gols no primeiro tempo Ref: 17729030161140",282.87,--,--,--,"15,732.34"
07-mar-26 13:56:14,"Oud-Heverlee Leuven x Westerlo / Mais/Menos de 1,5 Gols Ref: 17729025731139",564.90,--,--,--,"15,449.47"
07-mar-26 13:45:22,"Sheffield Utd x West Brom / Mais/Menos de 1,5 Gols Ref: 17729019211138",--,--,-500.00,--,"14,884.57"
07-mar-26 13:16:25,"Freiburg x Leverkusen / Mais/Menos de 5,5 Gols Ref: 17729001851137",--,--,-500.00,--,"15,384.57"
07-mar-26 11:11:18,"Mansfield x Arsenal / Mais/Menos de 3,5 Gols Ref: 17728926791136",536.65,--,--,--,"15,884.57"
07-mar-26 10:24:08,"Mohammedan SC x Bengaluru FC / Mais/Menos de 3,5 Gols Ref: 17728898471134",231.86,--,--,--,"15,347.92"
06-mar-26 19:57:00,"La Serena x Unión La Calera / Mais/Menos de 2,5 Gols Ref: 17728378201133",--,--,-500.00,--,"15,116.06"
06-mar-26 19:26:55,"Atlético Grau x FC Cajamarca / Mais/Menos de 1,5 Gols Ref: 17728360151132",316.25,--,--,--,"15,616.06"
06-mar-26 18:58:14,"Preston x Oxford Utd / Mais/Menos de 4,5 Gols Ref: 17728342931131",449.99,--,--,--,"15,299.81"
06-mar-26 18:51:46,"Waterford x Bohemians / Mais/Menos de 1,5 Gols Ref: 17728339061130",390.72,--,--,--,"14,849.82"
06-mar-26 18:47:06,"PSG x Monaco / Mais/Menos de 4,5 Gols Ref: 17728336261129",480.16,--,--,--,"14,459.10"
06-mar-26 18:37:05,"Zamalek x Al Ittihad (EGY) / Mais/Menos de 1,5 Gols Ref: 17728330251128",283.76,--,--,--,"13,978.94"
06-mar-26 18:35:00,"Napoli x Torino / Mais/Menos de 2,5 Gols Ref: 17728329001127",--,--,-500.00,--,"13,695.18"
06-mar-26 18:31:20,"Al-Masry x Ismaily / Mais/Menos de 1,5 Gols Ref: 17728326801126",--,--,-500.00,--,"14,195.18"
06-mar-26 18:23:40,"Galway Utd x Dundalk / Mais/Menos de 3,5 Gols Ref: 17728322201125",--,--,-500.00,--,"14,695.18"
06-mar-26 18:23:35,"Cádiz x Zaragoza / Mais/Menos de 1,5 Gols Ref: 17728322161124",431.93,--,--,--,"15,195.18"
06-mar-26 18:09:40,"Lechia Gdansk x Jagiellonia Bialystock / Mais/Menos de 1,5 Gols Ref: 17728313791123",--,--,-500.00,--,"14,763.25"
06-mar-26 17:53:01,"Pau x Bastia / Mais/Menos de 3,5 Gols Ref: 17728303811122",--,--,-500.00,--,"15,263.25"
06-mar-26 17:47:18,"Al Ahli x Al-Ittihad / Mais/Menos de 3,5 Gols Ref: 17728300381121",--,--,-500.00,--,"15,763.25"
05-mar-26 19:05:37,"Lyon x Lens / Mais/Menos de 3,5 Gols Ref: 17727483371120",--,--,-500.00,--,"16,263.25"
05-mar-26 19:01:15,"Tottenham x Crystal Palace / Mais/Menos de 4,5 Gols Ref: 17727480761119",464.13,--,--,--,"16,763.25"
05-mar-26 18:27:49,"FC Basel x Grasshoppers Zurich / Mais/Menos de 1,5 Gols Ref: 17727460691118",334.23,--,--,--,"16,299.12"
05-mar-26 18:25:07,"Thun x St Gallen / Mais/Menos de 3,5 Gols Ref: 17727459061117",--,--,-500.00,--,"15,964.89"
05-mar-26 13:07:50,Exchange Bonus Awarded: BREXCSELECT Ref: 17727268701116,,50.00,--,--,"16,464.89"
04-mar-26 18:24:56,"Lugano x Sion / Mais/Menos de 3,5 Gols Ref: 17726594961115",273.84,--,--,--,"16,464.89"
04-mar-26 18:01:53,"AZ Alkmaar x SC Telstar / Mais/Menos de 3,5 Gols Ref: 17726581131114",380.94,--,--,--,"16,191.05"
04-mar-26 17:19:53,"Brighton x Arsenal / 1,5 gols no primeiro tempo Ref: 17726555921113",421.30,--,--,--,"15,810.11"
04-mar-26 17:02:28,"Manchester City x Nottingham Forest / 0,5 gols no primeiro tempo Ref: 17726545481112",377.27,--,--,--,"15,388.81"
04-mar-26 16:52:17,"Kifisia x PAOK / Mais/Menos de 3,5 Gols Ref: 17726539371111",--,--,-500.00,--,"15,011.54"
04-mar-26 08:52:10,"FC Seoul x Kobe / Mais/Menos de 1,5 Gols Ref: 17726251291110",1.92,--,--,--,"15,511.54"
04-mar-26 06:03:33,"Macarthur x Central Coast Mariners / 0,5 gols no primeiro tempo Ref: 17726150131109",--,--,-50.00,--,"15,509.62"
03-mar-26 20:57:50,"Sarmiento de Junin x Estudiantes Rio Cuarto / Mais/Menos de 1,5 Gols Ref: 17725822701108",302.40,--,--,--,"15,559.62"
03-mar-26 19:55:12,"Sporting x Porto / Mais/Menos de 1,5 Gols Ref: 17725785121107",329.72,--,--,--,"15,257.22"
03-mar-26 19:03:38,"Barcelona x Atlético de Madrid / Mais/Menos de 3,5 Gols Ref: 17725754181106",391.65,--,--,--,"14,927.50"
03-mar-26 18:35:09,"Leeds x Sunderland / Mais/Menos de 1,5 Gols Ref: 17725737091105",456.63,--,--,--,"14,535.85"
03-mar-26 17:41:25,"Reggiana x Sudtirol / Mais/Menos de 1,5 Gols Ref: 17725704851104",--,--,-500.00,--,"14,079.22"
02-mar-26 17:57:48,"Emmen x Jong FC Utrecht / Mais/Menos de 1,5 Gols Ref: 17724850681103",462.68,--,--,--,"14,579.22"
02-mar-26 17:42:47,"Real Madrid x Getafe / 0,5 gols no primeiro tempo Ref: 17724841671102",386.01,--,--,--,"14,116.54"
01-mar-26 22:30:14,"Palmeiras x São Paulo / Mais/Menos de 3,5 Gols Ref: 17724150131101",404.84,--,--,--,"13,730.53"
01-mar-26 21:10:36,"Instituto x Union Santa Fe / Mais/Menos de 3,5 Gols Ref: 17724102351100",325.27,--,--,--,"13,325.69"
01-mar-26 20:40:29,"Palmeiras x São Paulo / Mais/Menos de 0,5 Gols Ref: 17724084281099",--,--,-315.00,--,"13,000.42"
01-mar-26 20:02:44,"Colo Colo x Universidad De Chile / Mais/Menos de 1,5 Gols Ref: 17724061641098",314.82,--,--,--,"13,315.42"
01-mar-26 16:45:28,Deposit Ref: 17723943281097,"1,500.00",--,--,--,"13,000.60"
01-mar-26 16:43:46,"Panathinaikos x Aris / Mais/Menos de 3,5 Gols Ref: 17723942251096",--,--,-563.00,--,"11,500.60"
01-mar-26 16:42:50,"Comerciantes Unidos x Atlético Grau / Mais/Menos de 3,5 Gols Ref: 17723941701095",--,--,-500.00,--,"12,063.60"
01-mar-26 16:19:44,"Betis x Sevilla / Mais/Menos de 3,5 Gols Ref: 17723927831094",--,--,-500.00,--,"12,563.60"
01-mar-26 14:56:37,"SønderjyskE x OB / Mais/Menos de 1,5 Gols Ref: 17723877971093",339.20,--,--,--,"13,063.60"
01-mar-26 12:57:51,"Brighton x Nottingham Forest / Mais/Menos de 3,5 Gols Ref: 17723806711092",340.54,--,--,--,"12,724.40"
01-mar-26 11:51:38,"Panserraikos x Olympiakos / 0,5 gols no primeiro tempo Ref: 17723766981091",--,--,-500.00,--,"12,383.86"
28-fev-26 20:42:56,"Minnesota Utd x Cincinnati / Mais/Menos de 1,5 Gols Ref: 17723221761089",376.60,--,--,--,"12,883.86"
28-fev-26 19:00:28,"Le Havre x PSG / Mais/Menos de 1,5 Gols Ref: 17723160281088",--,--,-200.00,--,"12,507.26"
28-fev-26 13:09:49,"Liverpool x West Ham / Mais/Menos de 3,5 Gols Ref: 17722949881087",,--,--,-50.00,"12,707.26"
27-fev-26 17:59:15,"Al-Ittihad x Al-Khaleej Saihat / Mais/Menos de 1,5 Gols Ref: 17722259551085",466.04,--,--,--,"12,707.26"
27-fev-26 17:44:00,"Porto x Arouca / Mais/Menos de 2,5 Gols Ref: 17722250401084",233.48,--,--,--,"12,241.22"
27-fev-26 16:51:08,"Monza x Entella / Mais/Menos de 1,5 Gols Ref: 17722218681083",--,--,-397.71,--,"12,007.74"
27-fev-26 16:04:17,"Istanbulspor x 76 Igdir Belediyespor / Mais/Menos de 3,5 Gols Ref: 17722190571082",401.08,--,--,--,"12,405.45"
27-fev-26 15:29:02,"Universitatea Cluj x Otelul Galati / 1,5 gols no primeiro tempo Ref: 17722169411081",--,--,-270.00,--,"12,004.37"
26-fev-26 21:02:36,"Santos x Vasco da Gama / Mais/Menos de 3,5 Gols Ref: 17721505561080",381.04,--,--,--,"12,274.37"
26-fev-26 18:51:46,"Celta de Vigo x PAOK / Mais/Menos de 1,5 Gols Ref: 17721427081079",292.58,--,--,--,"11,893.33"
26-fev-26 16:19:21,"Al Gharafa x Al Rayyan / 1,5 gols no primeiro tempo Ref: 17721335611078",299.40,--,--,--,"11,600.75"
26-fev-26 13:08:44,Exchange Bonus Awarded: BREXCSELECT Ref: 17721221231077,,50.00,--,--,"11,301.35"
25-fev-26 21:49:36,Deposit Ref: 17720669761076,300.00,--,--,--,"11,301.35"
25-fev-26 21:44:41,"Cruzeiro x Corinthians / Mais/Menos de 1,5 Gols Ref: 17720666811075",--,--,-300.00,--,"11,001.35"
25-fev-26 21:35:19,"Coritiba x São Paulo / Mais/Menos de 1,5 Gols Ref: 17720661181074",125.69,--,--,--,"11,301.35"
25-fev-26 19:01:00,"Real Madrid x Benfica / Mais/Menos de 3,5 Gols Ref: 17720568591073",381.62,--,--,--,"11,175.66"
25-fev-26 18:29:51,"Al-Masry x Modern Sport FC / Mais/Menos de 1,5 Gols Ref: 17720549911072",291.86,--,--,--,"10,794.04"
24-fev-26 18:52:36,"Inter de Milão x Bodo/Glimt / Mais/Menos de 3,5 Gols Ref: 17719699561071",173.18,--,--,--,"10,502.18"
24-fev-26 18:44:12,"Bradford x Rotherham / Mais/Menos de 1,5 Gols Ref: 17719694511070",158.17,--,--,--,"10,329.00"
24-fev-26 18:39:01,"Wrexham x Portsmouth / Mais/Menos de 3,5 Gols Ref: 17719691411069",135.58,--,--,--,"10,170.83"
24-fev-26 17:57:08,"Willem II x ADO Den Haag / Mais/Menos de 1,5 Gols Ref: 17719666281068",527.40,--,--,--,"10,035.25"
24-fev-26 17:47:10,"Inter de Milão x Bodo/Glimt / 0,5 gols no primeiro tempo Ref: 17719660301067",--,--,-500.00,--,"9,507.85"
24-fev-26 16:29:35,"Atlético de Madrid x Brugge / Mais/Menos de 4,5 Gols Ref: 17719613751066",--,--,-200.00,--,"10,007.85"
24-fev-26 16:19:13,"Atlético de Madrid x Brugge / Mais/Menos de 3,5 Gols Ref: 17719607531065",--,--,-250.00,--,"10,207.85"
23-fev-26 19:58:39,"Cúcuta Deportivo x Tolima / Mais/Menos de 5,5 Gols Ref: 17718875191064",191.10,--,--,--,"10,457.85"
23-fev-26 18:56:47,"Everton x Manchester United / Mais/Menos de 1,5 Gols Ref: 17718838081063",137.46,--,--,--,"10,266.75"
23-fev-26 18:56:44,"Famalicão x Casa Pia / Mais/Menos de 1,5 Gols Ref: 17718838041062",--,--,-200.00,--,"10,129.29"
23-fev-26 18:42:00,"Bologna x Udinese / Mais/Menos de 1,5 Gols Ref: 17718829201061",273.05,--,--,--,"10,329.29"
23-fev-26 18:31:40,"Smouha x Al Ahly Cairo / Mais/Menos de 1,5 Gols Ref: 17718823001060",555.50,--,--,--,"10,056.24"
23-fev-26 17:46:56,"Al-Fateh (KSA) x Al-Okhdood / Mais/Menos de 1,5 Gols Ref: 17718796161059",--,--,-500.00,--,"9,500.74"
23-fev-26 17:32:32,"Alavés x Girona / 1,5 gols no primeiro tempo Ref: 17718787521058",--,--,-295.00,--,"10,000.74"
23-fev-26 16:28:31,"Fiorentina x Pisa / Mais/Menos de 1,5 Gols Ref: 17718749111057",253.87,--,--,--,"10,295.74"
23-fev-26 13:55:33,"Csikszereda x Hermannstadt / Mais/Menos de 3,5 Gols Ref: 17718657331056",338.10,--,--,--,"10,041.87"
22-fev-26 19:59:29,"Santa Fé x Junior Barranquilla / Mais/Menos de 3,5 Gols Ref: 17718011691055",335.93,--,--,--,"9,703.77"
22-fev-26 19:28:44,"Porto x Rio Ave / Mais/Menos de 1,5 Gols Ref: 17717993241054",--,--,-200.00,--,"9,367.84"
22-fev-26 17:35:16,"Roma x Cremonese / 0,5 gols no primeiro tempo Ref: 17717925151053",--,--,-200.00,--,"9,567.84"
22-fev-26 17:10:24,"Westerlo x Charleroi / Mais/Menos de 2,5 Gols Ref: 17717910241052",--,--,-200.00,--,"9,767.84"
22-fev-26 16:48:08,"Novorizontino x Santos / 0,5 gols no primeiro tempo Ref: 17717896881051",--,--,-200.00,--,"9,967.84"
22-fev-26 15:53:25,"Milan x Parma / Mais/Menos de 0,5 Gols Ref: 17717864051050",203.36,--,--,--,"10,167.84"
22-fev-26 15:46:31,"Westerlo x Charleroi / 0,5 gols no primeiro tempo Ref: 17717859911049",--,--,-200.00,--,"9,964.48"
22-fev-26 14:53:46,"Milan x Parma / 0,5 gols no primeiro tempo Ref: 17717828251048",--,--,-200.00,--,"10,164.48"
22-fev-26 14:49:43,"Fatih Karagumruk Istanbul x Samsunspor / 0,5 gols no primeiro tempo Ref: 17717825821047",116.75,--,--,--,"10,364.48"
22-fev-26 14:35:04,"AGF x Viborg / 0,5 gols no primeiro tempo Ref: 17717817031046",156.29,--,--,--,"10,247.73"
22-fev-26 14:16:56,"St Pauli x Werder Bremen / 0,5 gols no primeiro tempo Ref: 17717806151045",100.66,--,--,--,"10,091.44"
22-fev-26 14:05:33,"Korona Kielce x Lech Poznan / 0,5 gols no primeiro tempo Ref: 17717799321044",--,--,-200.00,--,"9,990.78"
22-fev-26 14:04:42,"Tottenham x Arsenal / 0,5 gols no primeiro tempo Ref: 17717798821043",158.17,--,--,--,"10,190.78"
22-fev-26 12:50:46,"Barcelona x Levante / 1,5 gols no primeiro tempo Ref: 17717754461042",135.58,--,--,--,"10,032.61"
22-fev-26 12:47:49,"FK Spartak x FK Radnicki 1923 / 2,5 gols no primeiro tempo Ref: 17717752681041",--,--,-200.00,--,"9,897.03"
22-fev-26 12:30:44,"La Serena x Univ de Concepcion / 0,5 gols no primeiro tempo Ref: 17717742431040",--,--,-200.00,--,"10,097.03"
22-fev-26 11:53:15,"Sunderland x Fulham / 0,5 gols no primeiro tempo Ref: 17717719951039",153.95,--,--,--,"10,297.03"
22-fev-26 10:50:44,"Getafe x Sevilla / 0,5 gols no primeiro tempo Ref: 17717682441038",100.89,--,--,--,"10,143.08"
22-fev-26 00:42:50,"Cruz Azul x Guadalajara / 0,5 gols no primeiro tempo Ref: 17717317691037",--,--,-200.00,--,"10,042.19"
21-fev-26 23:24:23,"Central Cordoba (SdE) x Tigre / Mais/Menos de 0,5 Gols Ref: 17717270621036",107.33,--,--,--,"10,242.19"
21-fev-26 23:17:32,"Internacional de Bogotá x Millonarios / 0,5 gols no primeiro tempo Ref: 17717266521035",131.81,--,--,--,"10,134.86"
21-fev-26 19:14:09,"Red Bull Bragantino x São Paulo / 0,5 gols no primeiro tempo Ref: 17717120481034",--,--,-160.00,--,"10,003.05"
21-fev-26 18:48:24,"OHiggins x Colo Colo / 0,5 gols no primeiro tempo Ref: 17717105041033",163.59,--,--,--,"10,163.05"
21-fev-26 18:02:01,"Al-Hilal x Al-Ittihad / Mais/Menos de 2,5 Gols Ref: 17717077211032",--,--,-200.00,--,"9,999.46"
21-fev-26 17:54:37,"PSG x Metz / 1,5 gols no primeiro tempo Ref: 17717072781031",110.94,--,--,--,"10,199.46"
21-fev-26 17:31:47,"Union St. Gilloise x Antwerp / 0,5 gols no primeiro tempo Ref: 17717059071030",152.31,--,--,--,"10,088.52"
21-fev-26 17:02:59,"Grasshoppers Zurich x FC Zurich / 0,5 gols no primeiro tempo Ref: 17717041791029",--,--,-200.00,--,"9,936.21"
21-fev-26 16:48:59,"NAC Breda x FC Volendam / 0,5 gols no primeiro tempo Ref: 17717033381028",225.65,--,--,--,"10,136.21"
21-fev-26 16:25:46,"RB Leipzig x Borussia Dortmund / Mais/Menos de 3,5 Gols Ref: 17717019461027",--,--,-200.00,--,"9,910.56"
21-fev-26 16:25:32,"West Ham x Bournemouth / Mais/Menos de 0,5 Gols Ref: 17717019311026",312.15,--,--,--,"10,110.56"
21-fev-26 15:49:42,"Moreirense x Sporting / 0,5 gols no primeiro tempo Ref: 17716997821025",--,--,-200.00,--,"9,798.41"
21-fev-26 15:36:42,"Lecce x Inter de Milão / Mais/Menos de 0,5 Gols Ref: 17716990021024",161.71,--,--,--,"9,998.41"
21-fev-26 15:10:30,"Osasuna x Real Madrid / 0,5 gols no primeiro tempo Ref: 17716974291023",182.40,--,--,--,"9,836.70"
21-fev-26 15:01:47,"Brugge x Oud-Heverlee Leuven / 0,5 gols no primeiro tempo Ref: 17716969061022",--,--,-200.00,--,"9,654.30"
21-fev-26 14:50:02,"Lecce x Inter de Milão / 0,5 gols no primeiro tempo Ref: 17716962011021",--,--,-200.00,--,"9,854.30"
21-fev-26 13:51:22,"Hartberg x Grazer AK / 0,5 gols no primeiro tempo Ref: 17716926821020",319.59,--,--,--,"10,054.30"
21-fev-26 13:47:16,"Olympiakos x Panaitolikos / Mais/Menos de 1,5 Gols Ref: 17716924351019",144.79,--,--,--,"9,734.71"
21-fev-26 13:19:10,"Bayern de Munique x Eintracht Frankfurt / Mais/Menos de 4,5 Gols Ref: 17716907501018",--,--,-500.00,--,"9,589.92"
21-fev-26 13:00:47,"Juventus x Como / Mais/Menos de 2,5 Gols Ref: 17716896471017",338.47,--,--,--,"10,089.92"
21-fev-26 12:18:09,"Trencin x Zemplin / 0,5 gols no primeiro tempo Ref: 17716870891016",746.11,--,--,--,"9,751.45"
21-fev-26 11:49:46,"Entella x Catanzaro / 0,5 gols no primeiro tempo Ref: 17716853861015",--,--,-500.00,--,"9,005.34"
21-fev-26 11:32:14,"Slovacko x Pardubice / 0,5 gols no primeiro tempo Ref: 17716843331014",--,--,-500.00,--,"9,505.34"
21-fev-26 11:06:12,"Stoke x Leicester / Mais/Menos de 2,5 Gols Ref: 17716827721013",--,--,-770.00,--,"10,005.34"
21-fev-26 10:35:09,"Leganés x Leonesa / 0,5 gols no primeiro tempo Ref: 17716809091012",--,--,-500.00,--,"10,775.34"
21-fev-26 10:18:53,"Rotherham x Doncaster / 1,5 gols no primeiro tempo Ref: 17716799331011",272.66,--,--,--,"11,275.34"
21-fev-26 10:12:12,"Hull x QPR / 1,5 gols no primeiro tempo Ref: 17716795311010",--,--,-500.00,--,"11,002.68"
21-fev-26 09:59:14,"Plymouth x Cardiff / 0,5 gols no primeiro tempo Ref: 17716787541009",--,--,-500.00,--,"11,502.68"
21-fev-26 09:11:59,"76 Igdir Belediyespor x Erokspor A.S / Mais/Menos de 2,5 Gols Ref: 17716759191008",--,--,-420.00,--,"12,002.68"
21-fev-26 08:39:55,"Chiangrai Utd x Chonburi / 0,5 gols no primeiro tempo Ref: 17716739941007",--,--,-500.00,--,"12,422.68"
20-fev-26 16:46:19,"Boulogne x Clermont / 0,5 gols no primeiro tempo Ref: 17716167791006",282.30,--,--,--,"12,922.68"
20-fev-26 15:18:08,"Al Wahda (Abu Dhabi) x Al Jazira / 0,5 gols no primeiro tempo Ref: 17716114881005",279.71,--,--,--,"12,640.38"
20-fev-26 10:55:56,"Prachuap x Rayong FC / Mais/Menos de 2,5 Gols Ref: 17715957561004",132.38,--,--,--,"12,360.67"
20-fev-26 05:46:50,"Central Coast Mariners (W) x Melbourne City (W) / 0,5 gols no primeiro tempo Ref: 17715772091003",48.19,--,--,--,"12,228.29"
19-fev-26 17:47:17,"Omonia x Rijeka / 0,5 gols no primeiro tempo Ref: 17715340361002",329.07,--,--,--,"12,180.10"
19-fev-26 08:59:40,"G-Osaka x Pohang Steelers / Mais/Menos de 3,5 Gols Ref: 17715023801001",341.91,--,--,--,"11,851.03"
18-fev-26 22:18:35,"Barcelona (ECU) x Argentinos Juniors / 0,5 gols no primeiro tempo Ref: 17714639151000",170.65,--,--,--,"11,509.12"
18-fev-26 19:54:51,"OHiggins x Bahia / 1,5 gols no primeiro tempo Ref: 1771455291999",338.47,--,--,--,"11,338.47"
18-fev-26 18:55:56,"Wolves x Arsenal / Mais/Menos de 3,5 Gols Ref: 1771451756998",--,--,-119.51,--,"11,000.00"
18-fev-26 16:48:06,"Levante x Villarreal / 0,5 gols no primeiro tempo Ref: 1771444086997",361.98,--,--,--,"11,119.51"
17-fev-26 22:52:30,"Atletico Ottawa x Nashville SC / 0,5 gols no primeiro tempo Ref: 1771379550996",68.58,--,--,--,"10,757.53"
17-fev-26 22:46:52,"River Plate x Ciudad de Bolivar / 0,5 gols no primeiro tempo Ref: 1771379211995",--,--,-500.00,--,"10,688.95"
17-fev-26 19:04:04,"Benfica x Real Madrid / Mais/Menos de 1,5 Gols Ref: 1771365845994",683.71,--,--,--,"11,188.95"
17-fev-26 17:49:33,"Benfica x Real Madrid / 0,5 gols no primeiro tempo Ref: 1771361372993",--,--,-500.00,--,"10,505.24"
17-fev-26 10:35:13,"Chelghoum Laid x NC Magra / 0,5 gols no primeiro tempo Ref: 1771335313992",345.24,--,--,--,"11,005.24"
16-fev-26 20:56:04,"Deportivo Riestra x Newells / Mais/Menos de 2,5 Gols Ref: 1771286164991",--,--,-6.32,--,"10,660.00"
16-fev-26 19:36:43,"Deportivo Riestra x Newells / 0,5 gols no primeiro tempo Ref: 1771281403990",666.32,--,--,--,"10,666.32"
16-fev-26 18:59:44,Girona x Barcelona / Resultado da partida Ref: 1771279186989,--,--,"-1,600.00",--,"10,000.00"
16-fev-26 18:08:11,Deposit Ref: 1771276091988,"10,000.00",--,--,--,"11,600.00"
16-fev-26 17:48:18,"Girona x Barcelona / 0,5 gols no primeiro tempo Ref: 1771274898987",--,--,-500.00,--,"1,600.00"
16-fev-26 15:49:25,"Dinamo Bucareste x Unirea Slobozia / 0,5 gols no primeiro tempo Ref: 1771267765986",--,--,-580.69,--,"2,100.00"
15-fev-26 21:14:12,"Ponte Preta x São Paulo / 0,5 gols no primeiro tempo Ref: 1771200851985",306.27,--,--,--,"2,680.69"
15-fev-26 19:20:32,"Sporting x Famalicão / Mais/Menos de 0,5 Gols Ref: 1771194031984","1,173.89",--,--,--,"2,374.42"
15-fev-26 18:23:36,"Sporting x Famalicão / 0,5 gols no primeiro tempo Ref: 1771190616983",--,--,-600.00,--,"1,200.53"
15-fev-26 17:52:26,"Sint-Truidense x Zulte-Waregem / Mais/Menos de 4,5 Gols Ref: 1771188746982",400.53,--,--,--,"1,800.53"
15-fev-26 17:32:15,"Sint-Truidense x Zulte-Waregem / Mais/Menos de 4,5 Gols Ref: 1771187534981",--,--,-400.53,--,"1,400.00"
15-fev-26 17:23:31,"Sint-Truidense x Zulte-Waregem / Mais/Menos de 4,5 Gols Ref: 1771187011980",400.53,--,--,--,"1,800.53"
15-fev-26 17:08:54,"Maccabi Haifa x Bnei Sakhnin / Mais/Menos de 4,5 Gols Ref: 1771186133979",--,--,-600.00,--,"1,400.00"
15-fev-26 16:40:46,"Anderlecht x RAAL La Louviere / Mais/Menos de 0,5 Gols Ref: 1771184446978",--,--,-644.95,--,"2,000.00"
15-fev-26 15:47:40,"AVS Futebol SAD x Estoril Praia / 0,5 gols no primeiro tempo Ref: 1771181259977",--,--,-500.00,--,"2,644.95"
15-fev-26 15:41:16,"Sport Huancayo x FC Cajamarca / 1,5 gols no primeiro tempo Ref: 1771180875976",432.49,--,--,--,"3,144.95"
15-fev-26 15:33:49,"Anderlecht x RAAL La Louviere / 0,5 gols no primeiro tempo Ref: 1771180428975",--,--,-799.94,--,"2,712.46"
15-fev-26 15:24:34,"Osijek x Hajduk Split / Mais/Menos de 1,5 Gols Ref: 1771179874974",387.71,--,--,--,"3,512.40"
15-fev-26 15:19:44,"Sparta Praha x Hradec Kralove / 1,5 gols no primeiro tempo Ref: 1771179583973",--,--,-600.00,--,"3,124.69"
15-fev-26 15:07:48,"RB Leipzig x Wolfsburg / Mais/Menos de 2,5 Gols Ref: 1771178868972",324.75,--,--,--,"3,724.69"
15-fev-26 14:56:12,"Young Africans x Kabylie / Mais/Menos de 3,5 Gols Ref: 1771178172971",--,--,-600.00,--,"3,399.94"
15-fev-26 14:17:38,"RB Leipzig x Wolfsburg / 0,5 gols no primeiro tempo Ref: 1771175859970",--,--,-612.88,--,"3,999.94"
15-fev-26 13:58:38,"PFC Levski Sofia x Botev Plovdiv / Mais/Menos de 3,5 Gols Ref: 1771174718969",--,--,-500.00,--,"4,612.82"
15-fev-26 13:23:30,"CD Nacional Funchal x Porto / 0,5 gols no primeiro tempo Ref: 1771172610968",--,--,-500.00,--,"5,112.82"
15-fev-26 10:48:58,"Amed Sportif Faaliyetler x Sakaryaspor / 0,5 gols no primeiro tempo Ref: 1771163338967",385.48,--,--,--,"5,612.82"
15-fev-26 10:45:07,"Thun x Sion / 0,5 gols no primeiro tempo Ref: 1771163107966",401.33,--,--,--,"5,227.34"
15-fev-26 10:18:59,"Ludogorets x Beroe Stara Za / 0,5 gols no primeiro tempo Ref: 1771161539965",--,--,-500.00,--,"4,826.01"
14-fev-26 19:30:59,"URT v Cruzeiro MG / 0,5 gols no primeiro tempo Ref: 1771108259964",390.31,--,--,--,"5,326.01"
14-fev-26 19:13:50,"Juan Pablo II College x Sporting Cristal / Mais/Menos de 1,5 Gols Ref: 1771107229963",--,--,-70.89,--,"4,935.70"
14-fev-26 18:58:18,"Paris FC x Lens / Mais/Menos de 3,5 Gols Ref: 1771106297962",441.89,--,--,--,"5,006.59"
14-fev-26 18:24:48,"Inter de Milão x Juventus / Mais/Menos de 2,5 Gols Ref: 1771104288961",375.56,--,--,--,"4,564.70"
14-fev-26 16:39:06,"RSB Berkane x Rivers United FC / 0,5 gols no primeiro tempo Ref: 1771097945960",689.14,--,--,--,"4,189.14"
14-fev-26 16:29:58,"Levadiakos x Olympiakos / Mais/Menos de 0,5 Gols Ref: 1771097398959",--,--,-537.94,--,"3,500.00"
14-fev-26 16:03:44,"Paks x Diosgyori / 0,5 gols no primeiro tempo Ref: 1771095824958",--,--,-500.00,--,"4,037.94"
14-fev-26 15:46:17,"Lille x Brest / 0,5 gols no primeiro tempo Ref: 1771094777957",--,--,-500.00,--,"4,537.94"
13-fev-26 17:30:56,"Monaco x Nantes / 0,5 gols no primeiro tempo Ref: 1771014655956",328.61,--,--,--,"5,037.94"
13-fev-26 17:26:32,"Hull x Chelsea / 0,5 gols no primeiro tempo Ref: 1771014392955",330.76,--,--,--,"4,709.33"
13-fev-26 16:46:49,"FC Volendam x PSV / 0,5 gols no primeiro tempo Ref: 1771012009954",--,--,-500.00,--,"4,378.57"
13-fev-26 15:34:59,"Rennes x PSG / 0,5 gols no primeiro tempo Ref: 1771007699953",375.56,--,--,--,"4,878.57"
13-fev-26 14:30:51,"Corum Belediyespor x Istanbulspor / 0,5 gols no primeiro tempo Ref: 1771003850952",370.87,--,--,--,"4,503.01"
12-fev-26 23:32:59,Internacional x Palmeiras / Placar correto Ref: 1770949979951,1.75,--,--,-50.00,"4,132.14"
12-fev-26 23:05:21,"Atletico Nacional Medellin x Fortaleza FC / 0,5 gols no primeiro tempo Ref: 1770948321950",630.39,--,--,--,"4,130.39"
12-fev-26 15:22:31,"Al-Quadisiya (KSA) x NEOM Sports Club / 0,5 gols no primeiro tempo Ref: 1770920551946",--,--,-500.00,--,"3,500.00"
12-fev-26 15:19:26,"Al-Quadisiya (KSA) x NEOM Sports Club / 0,5 gols no primeiro tempo Ref: 1770920366945",500.00,--,--,--,"4,000.00"
12-fev-26 15:17:52,"Al-Quadisiya (KSA) x NEOM Sports Club / 0,5 gols no primeiro tempo Ref: 1770920272944",--,--,-500.00,--,"3,500.00"
12-fev-26 13:04:49,Exchange Bonus Awarded: BREXCSELECT Ref: 1770912289943,,50.00,--,--,"4,000.00"
11-fev-26 23:35:57,"São Paulo x Grêmio / Mais/Menos de 2,5 Gols Ref: 1770863757942",--,--,-366.09,--,"4,000.00"
11-fev-26 18:36:33,"Celtic x Livingston / Mais/Menos de 2,5 Gols Ref: 1770845793941",295.75,--,--,--,"4,366.09"
11-fev-26 18:21:22,"Nottingham Forest x Wolves / Mais/Menos de 0,5 Gols Ref: 1770844882940",--,--,-500.00,--,"4,070.34"
11-fev-26 18:16:52,"Union St. Gilloise x Charleroi / Mais/Menos de 3,5 Gols Ref: 1770844612939",361.48,--,--,--,"4,570.34"
11-fev-26 17:37:39,"Bayern de Munique x RB Leipzig / 0,5 gols no primeiro tempo Ref: 1770842259938",--,--,-500.00,--,"4,208.86"
11-fev-26 17:33:27,"Celtic x Livingston / 1,5 gols no primeiro tempo Ref: 1770842006937",--,--,-500.00,--,"4,708.86"
11-fev-26 17:16:26,"Nottingham Forest x Wolves / 0,5 gols no primeiro tempo Ref: 1770840985936",--,--,-500.00,--,"5,208.86"
10-fev-26 17:21:41,"Tottenham x Newcastle / 0,5 gols no primeiro tempo Ref: 1770754901935",328.61,--,--,--,"5,708.86"
10-fev-26 17:05:57,"Luzern x Grasshoppers Zurich / 2,5 gols no primeiro tempo Ref: 1770753957934",380.25,--,--,--,"5,380.25"
09-fev-26 20:52:05,"Juventude x São José / 0,5 gols no primeiro tempo Ref: 1770681125933",--,--,-500.00,--,"5,000.00"
09-fev-26 20:10:44,Deposit Ref: 1770678643932,"2,000.00",--,--,--,"5,500.00"
09-fev-26 20:07:30,"Estudiantes x Deportivo Riestra / 0,5 gols no primeiro tempo Ref: 1770678450931",--,--,-500.00,--,"3,500.00"
09-fev-26 18:30:27,"Racing Santander x Mirandes / Mais/Menos de 1,5 Gols Ref: 1770672627930",--,--,-405.60,--,"4,000.00"
09-fev-26 17:19:33,"Racing Santander x Mirandes / 0,5 gols no primeiro tempo Ref: 1770668373929",--,--,-400.00,--,"4,405.60"
09-fev-26 13:42:19,"Al-Duhail SC x Al Sharjah / 0,5 gols no primeiro tempo Ref: 1770655338928",405.60,--,--,--,"4,805.60"
08-fev-26 19:22:16,"Benfica x Alverca / Mais/Menos de 2,5 Gols Ref: 1770589336927",--,--,-78.84,--,"4,400.00"
08-fev-26 17:33:48,"Juventus x Lazio / 0,5 gols no primeiro tempo Ref: 1770582828926",478.84,--,--,--,"4,478.84"
08-fev-26 15:59:36,"Besiktas x Alanyaspor / Mais/Menos de 4,5 Gols Ref: 1770577177925",--,--,-392.78,--,"4,000.00"
08-fev-26 15:05:35,"Brugge x Standard / 0,5 gols no primeiro tempo Ref: 1770573935924",305.14,--,--,--,"4,392.78"
08-fev-26 13:45:32,"Union St. Gilloise x RAAL La Louviere / Mais/Menos de 2,5 Gols Ref: 1770569132923",342.70,--,--,--,"4,087.64"
08-fev-26 12:46:26,"Athletic de Bilbao x Levante / 0,5 gols no primeiro tempo Ref: 1770565585922",410.67,--,--,--,"3,744.94"
08-fev-26 12:19:12,"Zlin x Sparta Praha / 0,5 gols no primeiro tempo Ref: 1770563951921",--,--,-500.00,--,"3,334.27"
07-fev-26 17:31:09,"Nantes x Lyon / 0,5 gols no primeiro tempo Ref: 1770496268920",377.45,--,--,--,"3,834.27"
07-fev-26 14:03:15,"Barcelona x Mallorca / Mais/Menos de 2,5 Gols Ref: 1770483795919",342.70,--,--,--,"3,456.82"
07-fev-26 12:48:44,"Coventry x Oxford Utd / 0,5 gols no primeiro tempo Ref: 1770479323918",--,--,-500.00,--,"3,114.12"
07-fev-26 11:13:02,"Manchester United x Tottenham / Mais/Menos de 1,5 Gols Ref: 1770473583917",245.64,--,--,--,"3,614.12"
06-fev-26 22:42:28,"Tigres x Santos Laguna / 0,5 gols no primeiro tempo Ref: 1770428547916",389.64,--,--,--,"3,368.48"
06-fev-26 17:53:00,"Reims x Bastia / Mais/Menos de 0,5 Gols Ref: 1770411180915",--,--,-500.00,--,"2,978.84"
06-fev-26 17:37:29,"Celta de Vigo x Osasuna / 0,5 gols no primeiro tempo Ref: 1770410249914",478.84,--,--,--,"3,478.84"
06-fev-26 16:46:28,"Red Star x Pau / 0,5 gols no primeiro tempo Ref: 1770407188913",--,--,-380.19,--,"3,000.00"
05-fev-26 21:50:13,"Cruzeiro x Coritiba / Mais/Menos de 0,5 Gols Ref: 1770339012912",,--,--,-50.00,"3,380.19"
05-fev-26 13:04:20,Exchange Bonus Awarded: BREXCSELECT Ref: 1770307459910,,50.00,--,--,"3,380.19"
04-fev-26 21:54:52,"Palmeiras x Vitória / 0,5 gols no primeiro tempo Ref: 1770252891909",366.17,--,--,--,"3,380.19"
04-fev-26 18:38:58,"PSV x Heerenveen / Mais/Menos de 4,5 Gols Ref: 1770241137908",333.31,--,--,--,"3,014.02"
03-fev-26 15:12:17,"Al-Khaleej Saihat x Al-Quadisiya (KSA) / 0,5 gols no primeiro tempo Ref: 1770142337907",370.87,--,--,--,"2,680.71"
02-fev-26 14:45:08,"Dínamo de Zagreb x Vukovar / 0,5 gols no primeiro tempo Ref: 1770054308906",309.84,--,--,--,"2,309.84"
01-fev-26 22:26:00,"Once Caldas x Jaguares de Cordoba / Mais/Menos de 2,5 Gols Ref: 1769995559905",--,--,-245.68,--,"2,000.00"
01-fev-26 20:38:17,"Once Caldas x Jaguares de Cordoba / 0,5 gols no primeiro tempo Ref: 1769989096904",458.33,--,--,--,"2,245.68"
01-fev-26 20:09:30,Red Bull Bragantino x São Bernardo / Ambos os times marcam? Ref: 1769987370903,--,--,-500.00,--,"1,787.35"
01-fev-26 19:55:30,"Boca Juniors x Newells / 0,5 gols no primeiro tempo Ref: 1769986530902",485.59,--,--,--,"2,287.35"
01-fev-26 19:53:24,"Deportivo Cali x Deportivo Pasto / Mais/Menos de 2,5 Gols Ref: 1769986404901",304.46,--,--,--,"1,801.76"
01-fev-26 19:31:25,"Tondela x Benfica / Mais/Menos de 0,5 Gols Ref: 1769985085900",--,--,-400.00,--,"1,497.30"
01-fev-26 17:08:06,"Strasbourg x PSG / 0,5 gols no primeiro tempo Ref: 1769976485899",295.75,--,--,--,"1,897.30"
01-fev-26 16:55:07,"Galatasaray x Kayserispor / Mais/Menos de 3,5 Gols Ref: 1769975707898",314.53,--,--,--,"1,601.55"
01-fev-26 16:49:23,"Galatasaray x Kayserispor / Mais/Menos de 3,5 Gols Ref: 1769975362897",--,--,-314.53,--,"1,287.02"
01-fev-26 15:57:08,"Galatasaray x Kayserispor / Mais/Menos de 3,5 Gols Ref: 1769972228896",314.53,--,--,--,"1,601.55"
01-fev-26 15:48:55,"Hapoel Petach Tikva x FC Ashdod / 0,5 gols no primeiro tempo Ref: 1769971734895",--,--,-409.16,--,"1,287.02"
01-fev-26 15:41:02,"FCSB x Csikszereda / 0,5 gols no primeiro tempo Ref: 1769971261894",287.02,--,--,--,"1,696.18"
01-fev-26 15:17:35,"Al-Ittihad x Al Najma Club / 1,5 gols no primeiro tempo Ref: 1769969854893",--,--,-500.00,--,"1,409.16"
01-fev-26 14:15:20,"Borussia Dortmund x Heidenheim / 0,5 gols no primeiro tempo Ref: 1769966120892",380.25,--,--,--,"1,909.16"
01-fev-26 13:54:16,"Legia Warsaw x Korona Kielce / 0,5 gols no primeiro tempo Ref: 1769964856891",299.09,--,--,--,"1,528.91"
01-fev-26 13:35:06,"Padova x Monza / 0,5 gols no primeiro tempo Ref: 1769963705890",229.09,--,--,--,"1,229.82"
01-fev-26 13:17:02,"Young Boys x FC Zurich / 1,5 gols no primeiro tempo Ref: 1769962622889",--,--,-460.00,--,"1,000.73"
01-fev-26 13:05:20,Aston Villa x Brentford / Resultado da partida Ref: 1769961920888,--,--,-552.00,--,"1,460.73"
01-fev-26 12:59:26,"Hibernian x Rangers / Mais/Menos de 0,5 Gols Ref: 1769961566887",--,--,-500.00,--,"2,012.73"
01-fev-26 12:59:15,"Como x Atalanta / Mais/Menos de 0,5 Gols Ref: 1769961555886",--,--,-500.00,--,"2,512.73"
01-fev-26 12:57:28,"Nottingham Forest x Crystal Palace / Mais/Menos de 2,5 Gols Ref: 1769961448885",--,--,-500.00,--,"3,012.73"
01-fev-26 12:40:50,"Celtic x Falkirk / 0,5 gols no primeiro tempo Ref: 1769960450884",399.03,--,--,--,"3,512.73"
01-fev-26 12:28:46,"FK Novi Pazar x FK Spartak / Mais/Menos de 4,5 Gols Ref: 1769959726883",--,--,-400.00,--,"3,113.70"
01-fev-26 12:21:17,"PSV x Feyenoord / Mais/Menos de 3,5 Gols Ref: 1769959277882",--,--,-400.00,--,"3,513.70"
01-fev-26 12:15:22,"Stuttgart x Freiburg / 0,5 gols no primeiro tempo Ref: 1769958922881",--,--,-400.00,--,"3,913.70"
01-fev-26 11:49:39,"Omonia x Digenis Ypsona / 0,5 gols no primeiro tempo Ref: 1769957378880",--,--,-400.00,--,"4,313.70"
01-fev-26 11:48:14,"Como x Atalanta / 0,5 gols no primeiro tempo Ref: 1769957293879",--,--,-400.00,--,"4,713.70"
01-fev-26 11:29:58,"Hertha Berlin x Darmstadt / Mais/Menos de 4,5 Gols Ref: 1769956198878",--,--,-400.00,--,"5,113.70"
01-fev-26 11:25:08,"Dynamo Dresden x Arminia Bielefeld / Mais/Menos de 2,5 Gols Ref: 1769955907877",--,--,-400.00,--,"5,513.70"
01-fev-26 11:16:45,"Fortuna Dusseldorf x Paderborn / Mais/Menos de 2,5 Gols Ref: 1769955405876",312.06,--,--,--,"5,913.70"
01-fev-26 10:51:33,"Real Madrid x Rayo Vallecano / 1,5 gols no primeiro tempo Ref: 1769953893875",--,--,-400.00,--,"5,601.64"
31-jan-26 18:41:31,"Dundee Utd x Hearts / Mais/Menos de 2,5 Gols Ref: 1769895690873",285.43,--,--,--,"6,001.64"
31-jan-26 18:40:05,"Córdoba x Valladolid / Mais/Menos de 2,5 Gols Ref: 1769895604872",217.82,--,--,--,"5,716.21"
31-jan-26 16:11:27,"Maccabi Haifa x Ironi Tiberias / Mais/Menos de 4,5 Gols Ref: 1769886686871",247.94,--,--,--,"5,498.39"
31-jan-26 15:57:16,"Goztepe x Fatih Karagumruk Istanbul / Mais/Menos de 3,5 Gols Ref: 1769885836870",--,--,-400.00,--,"5,250.45"
31-jan-26 15:31:04,"Dukla Praga x Sparta Praha / 0,5 gols no primeiro tempo Ref: 1769884263869",331.31,--,--,--,"5,650.45"
31-jan-26 15:29:32,"Dukla Praga x Sparta Praha / 0,5 gols no primeiro tempo Ref: 1769884172868",--,--,-331.31,--,"5,319.14"
31-jan-26 15:20:03,"Levante x Atlético de Madrid / 0,5 gols no primeiro tempo Ref: 1769883602867",--,--,-400.00,--,"5,650.45"
31-jan-26 15:18:26,"Dukla Praga x Sparta Praha / 0,5 gols no primeiro tempo Ref: 1769883506866",331.31,--,--,--,"6,050.45"
31-jan-26 15:15:03,"Dukla Praga x Sparta Praha / 0,5 gols no primeiro tempo Ref: 1769883302865",--,--,-331.31,--,"5,719.14"
31-jan-26 15:07:33,"Maccabi Haifa x Ironi Tiberias / 2,5 gols no primeiro tempo Ref: 1769882853864",323.19,--,--,--,"6,050.45"
31-jan-26 15:05:52,"Hamburgo x Bayern de Munique / 0,5 gols no primeiro tempo Ref: 1769882752863",221.58,--,--,--,"5,727.26"
31-jan-26 15:03:35,"Beitar Jerusalem x Hapoel Haifa / 1,5 gols no primeiro tempo Ref: 1769882614862",--,--,-400.00,--,"5,505.68"
31-jan-26 14:50:26,"Napoli x Fiorentina / 1,5 gols no primeiro tempo Ref: 1769881826861",--,--,-400.00,--,"5,905.68"
31-jan-26 14:26:25,"Besiktas x Konyaspor / 0,5 gols no primeiro tempo Ref: 1769880385860",274.37,--,--,--,"6,305.68"
31-jan-26 14:25:49,"Dukla Praga x Sparta Praha / 0,5 gols no primeiro tempo Ref: 1769880349859",331.31,--,--,--,"6,031.31"
31-jan-26 12:47:17,"Brighton x Everton / 0,5 gols no primeiro tempo Ref: 1769874437858",--,--,-400.00,--,"5,700.00"
31-jan-26 11:53:04,"Partizan Belgrade x Radnicki Nis / 0,5 gols no primeiro tempo Ref: 1769871184857",--,--,-400.00,--,"6,100.00"
31-jan-26 00:06:08,"Puebla x Toluca / Mais/Menos de 0,5 Gols Ref: 1769828768856",--,--,-46.28,--,"6,500.00"
30-jan-26 17:32:22,"Lens x Le Havre / 0,5 gols no primeiro tempo Ref: 1769805142855",247.00,--,--,--,"6,546.28"
30-jan-26 16:48:08,"Al-Kholood Club x Al Nassr / Mais/Menos de 2,5 Gols Ref: 1769802487854",199.05,--,--,--,"6,299.28"
30-jan-26 16:32:53,"Al-Kholood Club x Al Nassr / Mais/Menos de 2,5 Gols Ref: 1769801573853",--,--,-199.05,--,"6,100.23"
30-jan-26 16:23:23,"Al-Kholood Club x Al Nassr / Mais/Menos de 2,5 Gols Ref: 1769801003852",199.05,--,--,--,"6,299.28"
30-jan-26 15:48:55,"Dinamo Bucareste x ACS Petrolul 52 / 0,5 gols no primeiro tempo Ref: 1769798935851",--,--,-400.00,--,"6,100.23"
29-jan-26 17:43:40,"Ludogorets x Nice / 0,5 gols no primeiro tempo Ref: 1769719419850",--,--,-38.77,--,"6,500.23"
29-jan-26 17:43:02,"Stuttgart x Young Boys / 2,5 gols no primeiro tempo Ref: 1769719381849",296.69,--,--,--,"6,539.00"
28-jan-26 21:13:16,"Santa Fé x Deportivo Pereira / 0,5 gols no primeiro tempo Ref: 1769645596848",342.31,--,--,--,"6,242.31"
28-jan-26 20:21:20,"Fluminense x Grêmio / 0,5 gols no primeiro tempo Ref: 1769642480847",--,--,-41.10,--,"5,900.00"
28-jan-26 17:38:22,Arsenal x Kairat Almaty / Placar no intervalo Ref: 1769632702846,222.52,--,--,--,"5,941.10"
27-jan-26 18:41:03,"Cardiff x Barnsley / Mais/Menos de 4,5 Gols Ref: 1769550063845",82.84,--,--,--,"5,718.58"
27-jan-26 16:20:43,"Sekhukhune United x Mamelodi Sundowns / Mais/Menos de 0,5 Gols Ref: 1769541642844",278.44,--,--,--,"5,635.74"
26-jan-26 17:54:21,"Porto x Gil Vicente / 0,5 gols no primeiro tempo Ref: 1769460861843",357.30,--,--,--,"5,357.30"
26-jan-26 16:46:28,"ADO Den Haag x Vitesse Arnhem / 0,5 gols no primeiro tempo Ref: 1769456787842",--,--,-290.00,--,"5,000.00"
25-jan-26 20:51:06,"Internacional x Grêmio / 2,5 gols no primeiro tempo Ref: 1769385066841",--,--,-5.89,--,"5,290.00"
25-jan-26 15:44:33,"Benfica x Club Football Estrela / 0,5 gols no primeiro tempo Ref: 1769366673840",259.14,--,--,--,"5,295.89"
25-jan-26 15:08:00,Deposit Ref: 1769364479839,200.00,--,--,--,"5,036.75"
25-jan-26 15:03:52,"Metz x Lyon / Mais/Menos de 6,5 Gols Ref: 1769364232838",--,--,-163.97,--,"4,836.75"
25-jan-26 14:33:47,"Feyenoord x Heracles / Mais/Menos de 4,5 Gols Ref: 1769362427837",--,--,-176.00,--,"5,000.72"
25-jan-26 14:17:29,"Al Najma Club x Al-Quadisiya (KSA) / Mais/Menos de 4,5 Gols Ref: 1769361448836",58.90,--,--,--,"5,176.72"
25-jan-26 14:00:18,"Arsenal x Manchester United / 0,5 gols no primeiro tempo Ref: 1769360418835",274.16,--,--,--,"5,117.82"
25-jan-26 11:39:39,"Paderborn x Preussen Munster / Mais/Menos de 2,5 Gols Ref: 1769351979834",199.04,--,--,--,"4,843.66"
25-jan-26 11:39:01,"Paderborn x Preussen Munster / Mais/Menos de 2,5 Gols Ref: 1769351941833",400.00,--,--,--,"4,644.62"
25-jan-26 11:27:27,"Paderborn x Preussen Munster / Mais/Menos de 2,5 Gols Ref: 1769351247832",--,--,-400.00,--,"4,244.62"
25-jan-26 11:21:44,"Paderborn x Preussen Munster / Mais/Menos de 2,5 Gols Ref: 1769350903831",--,--,-199.04,--,"4,644.62"
25-jan-26 11:19:53,"Paderborn x Preussen Munster / Mais/Menos de 2,5 Gols Ref: 1769350793830",199.04,--,--,--,"4,843.66"
24-jan-26 18:02:17,"Estoril Praia x Guimarães / 0,5 gols no primeiro tempo Ref: 1769288537829",375.56,--,--,--,"4,644.62"
24-jan-26 17:47:42,"Twente x Excelsior / 0,5 gols no primeiro tempo Ref: 1769287661828",--,--,-400.00,--,"4,269.06"
24-jan-26 14:54:39,"Brugge x Zulte-Waregem / 1,5 gols no primeiro tempo Ref: 1769277278827",289.06,--,--,--,"4,669.06"
24-jan-26 13:54:56,"Valencia x Espanyol / Mais/Menos de 3,5 Gols Ref: 1769273696826",--,--,-12.43,--,"4,380.00"
24-jan-26 13:39:51,"Motherwell x Kilmarnock / Mais/Menos de 3,5 Gols Ref: 1769272790825",225.34,--,--,--,"4,392.43"
24-jan-26 12:46:21,"Bristol City x Sheffield Wednesday / 0,5 gols no primeiro tempo Ref: 1769269581824",--,--,-400.00,--,"4,167.09"
24-jan-26 12:08:37,"Leverkusen x Werder Bremen / 0,5 gols no primeiro tempo Ref: 1769267317823",270.40,--,--,--,"4,567.09"
24-jan-26 10:49:02,"Maccabi Netanya x Maccabi Haifa / 2,5 gols no primeiro tempo Ref: 1769262542822",296.69,--,--,--,"4,296.69"
23-jan-26 16:46:24,"Auxerre x PSG / 0,5 gols no primeiro tempo Ref: 1769197583821",--,--,-400.00,--,"4,000.00"
23-jan-26 15:49:05,"Hermannstadt x Dinamo Bucareste / 0,5 gols no primeiro tempo Ref: 1769194144820",--,--,-53.48,--,"4,400.00"
22-jan-26 21:55:26,"Union Santa Fe x CA Platense / Mais/Menos de 0,5 Gols Ref: 1769129726819",--,--,-32.56,--,"4,453.48"
22-jan-26 17:35:08,"Rangers x Ludogorets / 0,5 gols no primeiro tempo Ref: 1769114108818",368.05,--,--,--,"4,486.04"
22-jan-26 16:26:32,"Freiburg x Maccabi Tel Aviv / Mais/Menos de 0,5 Gols Ref: 1769109991817",202.80,--,--,--,"4,117.99"
21-jan-26 22:27:22,"Flamengo x Vasco da Gama / 0,5 gols no primeiro tempo Ref: 1769045241816",--,--,-400.00,--,"3,915.19"
21-jan-26 20:49:48,"Mirassol x Red Bull Bragantino / 0,5 gols no primeiro tempo Ref: 1769039388815",--,--,-400.00,--,"4,315.19"
21-jan-26 20:22:21,"São Paulo x Portuguesa-SP / 0,5 gols no primeiro tempo Ref: 1769037741814",--,--,-3.72,--,"4,715.19"
21-jan-26 19:50:26,"Botafogo x Volta Redonda / 0,5 gols no primeiro tempo Ref: 1769035826813",--,--,-281.09,--,"4,718.91"
21-jan-26 18:58:05,Withdrawal Ref: 1769032685812,--,--,-229.97,--,"5,000.00"
21-jan-26 18:53:41,"Chelsea x Pafos Fc / Mais/Menos de 1,5 Gols Ref: 1769032421811",--,--,-400.00,--,"5,229.97"
21-jan-26 17:48:45,"Bayern de Munique x Union St. Gilloise / 0,5 gols no primeiro tempo Ref: 1769028525810",--,--,-200.00,--,"5,629.97"
20-jan-26 18:25:05,"Sheffield Wednesday x Birmingham / Mais/Menos de 0,5 Gols Ref: 1768944304809",49.41,--,--,--,"5,829.97"
